<?xml version="1.0" encoding="UTF-8"?>
<!DOCTYPE html PUBLIC "-//W3C//DTD XHTML 1.0 Transitional//EN"
    "http://www.w3.org/TR/xhtml1/DTD/xhtml1-transitional.dtd">
<html xmlns="http://www.w3.org/1999/xhtml" xml:lang="en" lang="en">
 <head>
  <title>
</title>
<meta http-equiv="Content-Type" content="text/html;charset=utf-8" />
  <meta name='ocr-system' content='tesseract 3.04.00' />
  <meta name='ocr-capabilities' content='ocr_page ocr_carea ocr_par ocr_line ocrx_word'/>
</head>
<body>
  <div class='ocr_page' id='page_1' title='image "./operaomniaquaegr15orig/operaomniaquaegr15orig_0043.png"; bbox 0 0 1734 3112; ppageno 0'>
   <div class='ocr_carea' id='block_1_1' title="bbox 657 114 1503 160">
    <p class='ocr_par' dir='ltr' id='par_1_1' title="bbox 657 114 1503 160">
     <span class='ocr_line' id='line_1_1' title="bbox 657 114 1503 160; baseline -0.004 -6"><span class='ocrx_word' id='word_1_1' title='bbox 657 114 797 155; x_wconf 71' lang='lat' dir='ltr'><strong>LmER</strong></span> <span class='ocrx_word' id='word_1_2' title='bbox 822 114 904 153; x_wconf 87' lang='lat'><em>111.</em></span> <span class='ocrx_word' id='word_1_3' title='bbox 1447 116 1503 160; x_wconf 81' lang='lat'><strong>29</strong></span> 
     </span>
    </p>
   </div>
   <div class='ocr_carea' id='block_1_2' title="bbox 76 225 1503 2309">
    <p class='ocr_par' dir='ltr' id='par_1_2' title="bbox 76 225 1503 2309">
     <span class='ocr_line' id='line_1_2' title="bbox 79 225 1501 285; baseline -0.001 -14"><span class='ocrx_word' id='word_1_4' title='bbox 79 230 192 271; x_wconf 84' lang='lat' dir='ltr'><strong>enim</strong></span> <span class='ocrx_word' id='word_1_5' title='bbox 212 241 286 280; x_wconf 88' lang='lat' dir='ltr'><strong>est,</strong></span> <span class='ocrx_word' id='word_1_6' title='bbox 316 229 386 285; x_wconf 90' lang='lat' dir='ltr'><strong>qui</strong></span> <span class='ocrx_word' id='word_1_7' title='bbox 407 228 567 283; x_wconf 81' lang='lat' dir='ltr'><strong>plantat</strong></span> <span class='ocrx_word' id='word_1_8' title='bbox 598 225 842 284; x_wconf 86' lang='lat' dir='ltr'><strong>hujusmodi</strong></span> <span class='ocrx_word' id='word_1_9' title='bbox 871 226 1041 268; x_wconf 85' lang='lat' dir='ltr'><strong>arbores</strong></span> <span class='ocrx_word' id='word_1_10' title='bbox 1070 225 1113 266; x_wconf 89' lang='lat' dir='ltr'><strong>in</strong></span> <span class='ocrx_word' id='word_1_11' title='bbox 1142 226 1316 267; x_wconf 87' lang='lat' dir='ltr'><strong>ecclesia</strong></span> <span class='ocrx_word' id='word_1_12' title='bbox 1335 227 1501 279; x_wconf 79' lang='lat' dir='ltr'>Christi,</span> 
     </span>
     <span class='ocr_line' id='line_1_3' title="bbox 80 303 1499 364; baseline -0.002 -15"><span class='ocrx_word' id='word_1_13' title='bbox 80 324 184 364; x_wconf 74' lang='lat' dir='ltr'><strong>quae</strong></span> <span class='ocrx_word' id='word_1_14' title='bbox 227 319 287 349; x_wconf 83' lang='lat' dir='ltr'><strong>est</strong></span> <span class='ocrx_word' id='word_1_15' title='bbox 325 305 539 362; x_wconf 81' lang='lat' dir='ltr'>paradisus</span> <span class='ocrx_word' id='word_1_16' title='bbox 581 304 852 346; x_wconf 74' lang='lat' dir='ltr'><strong>deliciarum:</strong></span> <span class='ocrx_word' id='word_1_17' title='bbox 896 306 1003 346; x_wconf 85' lang='lat' dir='ltr'><strong>sicut</strong></span> <span class='ocrx_word' id='word_1_18' title='bbox 1044 315 1085 345; x_wconf 90' lang='lat' dir='ltr'><strong>et</strong></span> <span class='ocrx_word' id='word_1_19' title='bbox 1123 303 1335 344; x_wconf 84' lang='lat' dir='ltr'>Dominus</span> <span class='ocrx_word' id='word_1_20' title='bbox 1376 304 1499 346; x_wconf 84' lang='lat' dir='ltr'><strong>dicit:</strong></span> 
     </span>
     <span class='ocr_line' id='line_1_4' title="bbox 81 381 1501 440; baseline -0.004 -14"><span class='ocrx_word' id='word_1_21' title='bbox 81 385 253 437; x_wconf 88' lang='lat' dir='ltr'><strong>„omnis</strong></span> <span class='ocrx_word' id='word_1_22' title='bbox 273 384 310 440; x_wconf 92' lang='lat'><strong>¹)</strong></span> <span class='ocrx_word' id='word_1_23' title='bbox 340 383 570 440; x_wconf 88' lang='lat' dir='ltr'><strong>plantatio,</strong></span> <span class='ocrx_word' id='word_1_24' title='bbox 603 399 727 440; x_wconf 84' lang='lat' dir='ltr'><strong>quam</strong></span> <span class='ocrx_word' id='word_1_25' title='bbox 755 399 841 424; x_wconf 90' lang='lat' dir='ltr'><strong>non</strong></span> <span class='ocrx_word' id='word_1_26' title='bbox 871 381 1076 438; x_wconf 74' lang='lat' dir='ltr'><strong>plantavit</strong></span> <span class='ocrx_word' id='word_1_27' title='bbox 1105 392 1227 437; x_wconf 87' lang='lat' dir='ltr'><strong>pater</strong></span> <span class='ocrx_word' id='word_1_28' title='bbox 1255 397 1372 422; x_wconf 91' lang='lat' dir='ltr'><strong>meus</strong></span> <span class='ocrx_word' id='word_1_29' title='bbox 1407 398 1501 422; x_wconf 87' lang='lat' dir='ltr'><strong>coe-</strong></span> 
     </span>
     <span class='ocr_line' id='line_1_5' title="bbox 82 458 1503 517; baseline -0.004 -13"><span class='ocrx_word' id='word_1_30' title='bbox 82 463 216 513; x_wconf 88' lang='lat' dir='ltr'><strong>lestis,</strong></span> <span class='ocrx_word' id='word_1_31' title='bbox 255 461 583 503; x_wconf 77' lang='lat' dir='ltr'><strong>eradicabitur.“</strong></span> <span class='ocrx_word' id='word_1_32' title='bbox 651 461 841 517; x_wconf 87' lang='lat' dir='ltr'><strong>Stipatur</strong></span> <span class='ocrx_word' id='word_1_33' title='bbox 886 477 984 513; x_wconf 82' lang='lat' dir='ltr'><strong>ergo</strong></span> <span class='ocrx_word' id='word_1_34' title='bbox 1002 461 1042 516; x_wconf 86' lang='lat'><strong>²)</strong></span> <span class='ocrx_word' id='word_1_35' title='bbox 1089 458 1264 500; x_wconf 87' lang='lat' dir='ltr'><strong>ecclesia</strong></span> <span class='ocrx_word' id='word_1_36' title='bbox 1310 470 1350 499; x_wconf 83' lang='lat' dir='ltr'><strong>et</strong></span> <span class='ocrx_word' id='word_1_37' title='bbox 1393 458 1503 499; x_wconf 83' lang='lat' dir='ltr'><strong>inter</strong></span> 
     </span>
     <span class='ocr_line' id='line_1_6' title="bbox 81 536 1500 596; baseline -0.004 -14"><span class='ocrx_word' id='word_1_38' title='bbox 81 541 226 582; x_wconf 87' lang='lat' dir='ltr'><strong>melias</strong></span> <span class='ocrx_word' id='word_1_39' title='bbox 242 540 305 596; x_wconf 85' lang='lat'><strong>³),</strong></span> <span class='ocrx_word' id='word_1_40' title='bbox 350 551 390 580; x_wconf 89' lang='lat' dir='ltr'><strong>et</strong></span> <span class='ocrx_word' id='word_1_41' title='bbox 429 556 554 596; x_wconf 86' lang='lat' dir='ltr'><strong>super</strong></span> <span class='ocrx_word' id='word_1_42' title='bbox 591 539 700 596; x_wconf 84' lang='lat' dir='ltr'><strong>ipsas</strong></span> <span class='ocrx_word' id='word_1_43' title='bbox 737 538 974 595; x_wconf 88' lang='lat' dir='ltr'><strong>requiescit.</strong></span> <span class='ocrx_word' id='word_1_44' title='bbox 1047 537 1167 592; x_wconf 85' lang='lat' dir='ltr'><strong>Quae</strong></span> <span class='ocrx_word' id='word_1_45' title='bbox 1208 536 1359 578; x_wconf 88' lang='lat' dir='ltr'><strong>meliae</strong></span> <span class='ocrx_word' id='word_1_46' title='bbox 1400 536 1500 577; x_wconf 84' lang='lat' dir='ltr'><strong>illae</strong></span> 
     </span>
     <span class='ocr_line' id='line_1_7' title="bbox 80 614 1502 674; baseline -0.002 -16"><span class='ocrx_word' id='word_1_47' title='bbox 80 618 289 674; x_wconf 88' lang='lat' dir='ltr'><strong>putandae</strong></span> <span class='ocrx_word' id='word_1_48' title='bbox 327 629 422 658; x_wconf 90' lang='lat' dir='ltr'><strong>sunt</strong></span> <span class='ocrx_word' id='word_1_49' title='bbox 453 617 634 668; x_wconf 88' lang='lat' dir='ltr'><strong>animae,</strong></span> <span class='ocrx_word' id='word_1_50' title='bbox 677 633 782 674; x_wconf 85' lang='lat' dir='ltr'><strong>quae</strong></span> <span class='ocrx_word' id='word_1_51' title='bbox 814 615 1006 673; x_wconf 83' lang='lat' dir='ltr'>quotidie</span> <span class='ocrx_word' id='word_1_52' title='bbox 1035 616 1288 657; x_wconf 83' lang='lat' dir='ltr'><strong>innovantur</strong></span> <span class='ocrx_word' id='word_1_53' title='bbox 1317 615 1369 655; x_wconf 89' lang='lat' dir='ltr'><strong>ad</strong></span> <span class='ocrx_word' id='word_1_54' title='bbox 1399 614 1502 656; x_wconf 82' lang='lat' dir='ltr'><strong>ima-</strong></span> 
     </span>
     <span class='ocr_line' id='line_1_8' title="bbox 78 692 1500 755; baseline -0.002 -18"><span class='ocrx_word' id='word_1_55' title='bbox 78 696 216 749; x_wconf 87' lang='lat' dir='ltr'><strong>ginem</strong></span> <span class='ocrx_word' id='word_1_56' title='bbox 248 695 348 755; x_wconf 88' lang='lat' dir='ltr'><strong>ejus,</strong></span> <span class='ocrx_word' id='word_1_57' title='bbox 380 694 452 752; x_wconf 87' lang='lat' dir='ltr'><strong>qui</strong></span> <span class='ocrx_word' id='word_1_58' title='bbox 483 693 638 736; x_wconf 83' lang='lat' dir='ltr'><strong>creavit</strong></span> <span class='ocrx_word' id='word_1_59' title='bbox 669 709 748 735; x_wconf 89' lang='lat' dir='ltr'><strong>eas.</strong></span> <span class='ocrx_word' id='word_1_60' title='bbox 796 693 909 748; x_wconf 84' lang='lat' dir='ltr'><strong>Quia</strong></span> <span class='ocrx_word' id='word_1_61' title='bbox 932 693 1044 734; x_wconf 88' lang='lat' dir='ltr'><strong>enim</strong></span> <span class='ocrx_word' id='word_1_62' title='bbox 1074 710 1152 751; x_wconf 89' lang='lat' dir='ltr'><strong>per</strong></span> <span class='ocrx_word' id='word_1_63' title='bbox 1182 692 1500 735; x_wconf 84' lang='lat' dir='ltr'><strong>innovationem</strong></span> 
     </span>
     <span class='ocr_line' id='line_1_9' title="bbox 77 771 1500 829; baseline -0.002 -14"><span class='ocrx_word' id='word_1_64' title='bbox 77 773 140 815; x_wconf 88' lang='lat' dir='ltr'><strong>sui</strong></span> <span class='ocrx_word' id='word_1_65' title='bbox 171 773 394 826; x_wconf 82' lang='lat' dir='ltr'><strong>imaginem</strong></span> <span class='ocrx_word' id='word_1_66' title='bbox 433 784 628 829; x_wconf 82' lang='lat' dir='ltr'><strong>reparant</strong></span> <span class='ocrx_word' id='word_1_67' title='bbox 664 771 744 813; x_wconf 88' lang='lat' dir='ltr'><strong>filii</strong></span> <span class='ocrx_word' id='word_1_68' title='bbox 773 771 878 821; x_wconf 83' lang='lat' dir='ltr'><strong>Dei,</strong></span> <span class='ocrx_word' id='word_1_69' title='bbox 917 771 1071 813; x_wconf 85' lang='lat' dir='ltr'><strong>merito</strong></span> <span class='ocrx_word' id='word_1_70' title='bbox 1115 783 1155 812; x_wconf 87' lang='lat' dir='ltr'><strong>et</strong></span> <span class='ocrx_word' id='word_1_71' title='bbox 1184 771 1299 827; x_wconf 85' lang='lat' dir='ltr'><strong>ipsae</strong></span> <span class='ocrx_word' id='word_1_72' title='bbox 1330 771 1500 812; x_wconf 84' lang='lat' dir='ltr'><strong>arbores</strong></span> 
     </span>
     <span class='ocr_line' id='line_1_10' title="bbox 77 849 1501 908; baseline -0.002 -15"><span class='ocrx_word' id='word_1_73' title='bbox 77 851 229 893; x_wconf 88' lang='lat' dir='ltr'><strong>meliae</strong></span> <span class='ocrx_word' id='word_1_74' title='bbox 252 851 532 908; x_wconf 83' lang='lat' dir='ltr'><strong>appellantur,</strong></span> <span class='ocrx_word' id='word_1_75' title='bbox 565 849 661 907; x_wconf 85' lang='lat' dir='ltr'><strong>quia</strong></span> <span class='ocrx_word' id='word_1_76' title='bbox 679 862 719 891; x_wconf 88' lang='lat' dir='ltr'><strong>et</strong></span> <span class='ocrx_word' id='word_1_77' title='bbox 744 850 834 906; x_wconf 88' lang='lat' dir='ltr'><strong>ipse</strong></span> <span class='ocrx_word' id='word_1_78' title='bbox 859 866 1037 906; x_wconf 88' lang='lat' dir='ltr'><strong>sponsus</strong></span> <span class='ocrx_word' id='word_1_79' title='bbox 1068 865 1210 890; x_wconf 84' lang='lat' dir='ltr'><strong>earum</strong></span> <span class='ocrx_word' id='word_1_80' title='bbox 1236 850 1281 890; x_wconf 92' lang='lat' dir='ltr'><strong>in</strong></span> <span class='ocrx_word' id='word_1_81' title='bbox 1311 849 1501 905; x_wconf 84' lang='lat' dir='ltr'><strong>superio-</strong></span> 
     </span>
     <span class='ocr_line' id='line_1_11' title="bbox 77 927 1500 985; baseline -0.002 -14"><span class='ocrx_word' id='word_1_82' title='bbox 77 928 192 971; x_wconf 85' lang='lat' dir='ltr'><strong>ribus</strong></span> <span class='ocrx_word' id='word_1_83' title='bbox 222 929 356 970; x_wconf 84' lang='lat' dir='ltr'><strong>dictus</strong></span> <span class='ocrx_word' id='word_1_84' title='bbox 387 940 471 979; x_wconf 89' lang='lat' dir='ltr'><strong>est,</strong></span> <span class='ocrx_word' id='word_1_85' title='bbox 511 927 619 969; x_wconf 86' lang='lat' dir='ltr'><strong>sicut</strong></span> <span class='ocrx_word' id='word_1_86' title='bbox 658 928 785 968; x_wconf 87' lang='lat' dir='ltr'><strong>arbor</strong></span> <span class='ocrx_word' id='word_1_87' title='bbox 825 927 953 969; x_wconf 86' lang='lat' dir='ltr'><strong>melia</strong></span> <span class='ocrx_word' id='word_1_88' title='bbox 993 944 1079 969; x_wconf 85' lang='lat' dir='ltr'><strong>esse</strong></span> <span class='ocrx_word' id='word_1_89' title='bbox 1117 927 1160 968; x_wconf 89' lang='lat' dir='ltr'><strong>in</strong></span> <span class='ocrx_word' id='word_1_90' title='bbox 1198 927 1320 980; x_wconf 83' lang='lat' dir='ltr'><strong>lignis</strong></span> <span class='ocrx_word' id='word_1_91' title='bbox 1349 927 1500 985; x_wconf 80' lang='lat' dir='ltr'><strong>sylvae.</strong></span> 
     </span>
     <span class='ocr_line' id='line_1_12' title="bbox 78 1003 1501 1062; baseline -0.004 -13"><span class='ocrx_word' id='word_1_92' title='bbox 78 1007 134 1049; x_wconf 85' lang='lat' dir='ltr'><strong>Et</strong></span> <span class='ocrx_word' id='word_1_93' title='bbox 161 1024 215 1049; x_wconf 91' lang='lat' dir='ltr'><strong>ne</strong></span> <span class='ocrx_word' id='word_1_94' title='bbox 245 1006 428 1057; x_wconf 86' lang='lat' dir='ltr'><strong>mireris,</strong></span> <span class='ocrx_word' id='word_1_95' title='bbox 462 1007 497 1047; x_wconf 89' lang='lat' dir='ltr'><strong>si</strong></span> <span class='ocrx_word' id='word_1_96' title='bbox 526 1006 641 1047; x_wconf 82' lang='lat' dir='ltr'><strong>idem</strong></span> <span class='ocrx_word' id='word_1_97' title='bbox 670 1006 760 1062; x_wconf 84' lang='lat' dir='ltr'><strong>ipse</strong></span> <span class='ocrx_word' id='word_1_98' title='bbox 791 1018 832 1047; x_wconf 88' lang='lat' dir='ltr'><strong>et</strong></span> <span class='ocrx_word' id='word_1_99' title='bbox 861 1007 987 1047; x_wconf 86' lang='lat' dir='ltr'><strong>arbor</strong></span> <span class='ocrx_word' id='word_1_100' title='bbox 1016 1006 1125 1047; x_wconf 82' lang='lat' dir='ltr'><strong>vitae</strong></span> <span class='ocrx_word' id='word_1_101' title='bbox 1158 1016 1198 1046; x_wconf 88' lang='lat' dir='ltr'><strong>et</strong></span> <span class='ocrx_word' id='word_1_102' title='bbox 1229 1004 1391 1045; x_wconf 86' lang='lat' dir='ltr'><strong>diversa</strong></span> <span class='ocrx_word' id='word_1_103' title='bbox 1421 1003 1501 1045; x_wconf 86' lang='lat' dir='ltr'><strong>alia</strong></span> 
     </span>
     <span class='ocr_line' id='line_1_13' title="bbox 79 1083 1500 1141; baseline -0.001 -16"><span class='ocrx_word' id='word_1_104' title='bbox 79 1084 263 1136; x_wconf 87' lang='lat' dir='ltr'><strong>dicatur,</strong></span> <span class='ocrx_word' id='word_1_105' title='bbox 297 1102 393 1127; x_wconf 88' lang='lat' dir='ltr'><strong>cum</strong></span> <span class='ocrx_word' id='word_1_106' title='bbox 423 1084 537 1126; x_wconf 87' lang='lat' dir='ltr'><strong>idem</strong></span> <span class='ocrx_word' id='word_1_107' title='bbox 569 1096 610 1125; x_wconf 90' lang='lat' dir='ltr'><strong>et</strong></span> <span class='ocrx_word' id='word_1_108' title='bbox 638 1083 756 1141; x_wconf 89' lang='lat' dir='ltr'><strong>panis</strong></span> <span class='ocrx_word' id='word_1_109' title='bbox 785 1101 925 1135; x_wconf 85' lang='lat' dir='ltr'><strong>verus,</strong></span> <span class='ocrx_word' id='word_1_110' title='bbox 961 1096 1002 1125; x_wconf 91' lang='lat' dir='ltr'><strong>et</strong></span> <span class='ocrx_word' id='word_1_111' title='bbox 1031 1083 1126 1125; x_wconf 90' lang='lat' dir='ltr'><strong>vitis</strong></span> <span class='ocrx_word' id='word_1_112' title='bbox 1158 1099 1275 1133; x_wconf 89' lang='lat' dir='ltr'><strong>vera,</strong></span> <span class='ocrx_word' id='word_1_113' title='bbox 1305 1094 1345 1124; x_wconf 94' lang='lat' dir='ltr'><strong>et</strong></span> <span class='ocrx_word' id='word_1_114' title='bbox 1375 1098 1500 1135; x_wconf 85' lang='lat' dir='ltr'><strong>agnus</strong></span> 
     </span>
     <span class='ocr_line' id='line_1_14' title="bbox 78 1161 1502 1218; baseline -0.002 -14"><span class='ocrx_word' id='word_1_115' title='bbox 78 1162 184 1214; x_wconf 84' lang='lat' dir='ltr'><strong>Dei,</strong></span> <span class='ocrx_word' id='word_1_116' title='bbox 223 1175 264 1204; x_wconf 87' lang='lat' dir='ltr'><strong>et</strong></span> <span class='ocrx_word' id='word_1_117' title='bbox 292 1163 425 1204; x_wconf 87' lang='lat' dir='ltr'><strong>multa</strong></span> <span class='ocrx_word' id='word_1_118' title='bbox 455 1162 534 1204; x_wconf 84' lang='lat' dir='ltr'><strong>alia</strong></span> <span class='ocrx_word' id='word_1_119' title='bbox 562 1162 817 1205; x_wconf 82' lang='lat' dir='ltr'><strong>nominetur.</strong></span> <span class='ocrx_word' id='word_1_120' title='bbox 878 1162 1033 1205; x_wconf 85' lang='lat' dir='ltr'><strong>Omnia</strong></span> <span class='ocrx_word' id='word_1_121' title='bbox 1062 1178 1243 1218; x_wconf 84' lang='lat' dir='ltr'><strong>namque</strong></span> <span class='ocrx_word' id='word_1_122' title='bbox 1274 1161 1376 1201; x_wconf 90' lang='lat' dir='ltr'><strong>haec</strong></span> <span class='ocrx_word' id='word_1_123' title='bbox 1410 1176 1502 1201; x_wconf 89' lang='lat' dir='ltr'><strong>ver-</strong></span> 
     </span>
     <span class='ocr_line' id='line_1_15' title="bbox 76 1237 1500 1297; baseline -0.001 -18"><span class='ocrx_word' id='word_1_124' title='bbox 76 1239 178 1280; x_wconf 88' lang='lat' dir='ltr'><strong>bum</strong></span> <span class='ocrx_word' id='word_1_125' title='bbox 208 1240 292 1281; x_wconf 83' lang='lat' dir='ltr'><strong>Dei</strong></span> <span class='ocrx_word' id='word_1_126' title='bbox 330 1240 558 1297; x_wconf 87' lang='lat' dir='ltr'><strong>unicuique</strong></span> <span class='ocrx_word' id='word_1_127' title='bbox 600 1240 803 1292; x_wconf 83' lang='lat' dir='ltr'><strong>efficitur,</strong></span> <span class='ocrx_word' id='word_1_128' title='bbox 840 1252 971 1297; x_wconf 86' lang='lat' dir='ltr'><strong>prout</strong></span> <span class='ocrx_word' id='word_1_129' title='bbox 1003 1255 1197 1281; x_wconf 86' lang='lat' dir='ltr'><strong>mensura</strong></span> <span class='ocrx_word' id='word_1_130' title='bbox 1228 1239 1295 1279; x_wconf 90' lang='lat' dir='ltr'><strong>vel</strong></span> <span class='ocrx_word' id='word_1_131' title='bbox 1337 1237 1500 1279; x_wconf 88' lang='lat' dir='ltr'><strong>deside-</strong></span> 
     </span>
     <span class='ocr_line' id='line_1_16' title="bbox 77 1316 1499 1376; baseline -0.001 -18"><span class='ocrx_word' id='word_1_132' title='bbox 77 1316 188 1358; x_wconf 89' lang='lat' dir='ltr'><strong>rium</strong></span> <span class='ocrx_word' id='word_1_133' title='bbox 217 1318 504 1375; x_wconf 88' lang='lat' dir='ltr'><strong>participantis</strong></span> <span class='ocrx_word' id='word_1_134' title='bbox 542 1318 810 1376; x_wconf 78' lang='lat' dir='ltr'><strong>exposcit4):</strong></span> <span class='ocrx_word' id='word_1_135' title='bbox 847 1318 1076 1359; x_wconf 90' lang='lat' dir='ltr'><strong>secundum</strong></span> <span class='ocrx_word' id='word_1_136' title='bbox 1120 1318 1235 1374; x_wconf 90' lang='lat' dir='ltr'><strong>quod</strong></span> <span class='ocrx_word' id='word_1_137' title='bbox 1266 1328 1306 1357; x_wconf 90' lang='lat' dir='ltr'><strong>et</strong></span> <span class='ocrx_word' id='word_1_138' title='bbox 1336 1332 1499 1366; x_wconf 80' lang='lat' dir='ltr'><strong>manna,</strong></span> 
     </span>
     <span class='ocr_line' id='line_1_17' title="bbox 78 1394 1500 1452; baseline -0.001 -16"><span class='ocrx_word' id='word_1_139' title='bbox 78 1395 150 1451; x_wconf 89' lang='lat' dir='ltr'><strong>qui</strong></span> <span class='ocrx_word' id='word_1_140' title='bbox 182 1412 277 1440; x_wconf 84' lang='lat' dir='ltr'><strong>cum</strong></span> <span class='ocrx_word' id='word_1_141' title='bbox 307 1408 412 1437; x_wconf 88' lang='lat' dir='ltr'><strong>esset</strong></span> <span class='ocrx_word' id='word_1_142' title='bbox 441 1413 547 1438; x_wconf 91' lang='lat' dir='ltr'><strong>unus</strong></span> <span class='ocrx_word' id='word_1_143' title='bbox 580 1397 717 1447; x_wconf 88' lang='lat' dir='ltr'><strong>cibus,</strong></span> <span class='ocrx_word' id='word_1_144' title='bbox 754 1395 983 1452; x_wconf 90' lang='lat' dir='ltr'><strong>unicuique</strong></span> <span class='ocrx_word' id='word_1_145' title='bbox 1024 1407 1163 1436; x_wconf 86' lang='lat' dir='ltr'><strong>tamen</strong></span> <span class='ocrx_word' id='word_1_146' title='bbox 1195 1395 1404 1436; x_wconf 85' lang='lat' dir='ltr'><strong>desiderio</strong></span> <span class='ocrx_word' id='word_1_147' title='bbox 1436 1394 1500 1435; x_wconf 87' lang='lat' dir='ltr'><strong>sui</strong></span> 
     </span>
     <span class='ocr_line' id='line_1_18' title="bbox 78 1472 1499 1529; baseline -0.001 -16"><span class='ocrx_word' id='word_1_148' title='bbox 78 1472 280 1514; x_wconf 83' lang='lat' dir='ltr'><strong>reddebat</strong></span> <span class='ocrx_word' id='word_1_149' title='bbox 318 1489 524 1529; x_wconf 88' lang='lat' dir='ltr'><strong>saporem.</strong></span> <span class='ocrx_word' id='word_1_150' title='bbox 592 1474 773 1515; x_wconf 88' lang='lat' dir='ltr'><strong>Praebet</strong></span> <span class='ocrx_word' id='word_1_151' title='bbox 819 1489 915 1526; x_wconf 86' lang='lat' dir='ltr'><strong>ergo</strong></span> <span class='ocrx_word' id='word_1_152' title='bbox 961 1489 1003 1513; x_wconf 92' lang='lat' dir='ltr'><strong>se</strong></span> <span class='ocrx_word' id='word_1_153' title='bbox 1046 1473 1185 1528; x_wconf 87' lang='lat' dir='ltr'><strong>ipsum</strong></span> <span class='ocrx_word' id='word_1_154' title='bbox 1228 1488 1315 1513; x_wconf 88' lang='lat' dir='ltr'><strong>non</strong></span> <span class='ocrx_word' id='word_1_155' title='bbox 1359 1472 1499 1513; x_wconf 86' lang='lat' dir='ltr'><strong>solum</strong></span> 
     </span>
     <span class='ocr_line' id='line_1_19' title="bbox 80 1549 1498 1606; baseline -0.001 -15"><span class='ocrx_word' id='word_1_156' title='bbox 80 1550 353 1591; x_wconf 76' lang='lat' dir='ltr'><strong>esurientibus</strong></span> <span class='ocrx_word' id='word_1_157' title='bbox 381 1566 556 1606; x_wconf 88' lang='lat' dir='ltr'><strong>panem,</strong></span> <span class='ocrx_word' id='word_1_158' title='bbox 588 1562 628 1592; x_wconf 89' lang='lat' dir='ltr'><strong>et</strong></span> <span class='ocrx_word' id='word_1_159' title='bbox 658 1551 893 1592; x_wconf 85' lang='lat' dir='ltr'><strong>sitientibus</strong></span> <span class='ocrx_word' id='word_1_160' title='bbox 928 1550 1092 1600; x_wconf 88' lang='lat' dir='ltr'><strong>vinum,</strong></span> <span class='ocrx_word' id='word_1_161' title='bbox 1133 1550 1206 1591; x_wconf 90' lang='lat' dir='ltr'><strong>sed</strong></span> <span class='ocrx_word' id='word_1_162' title='bbox 1238 1562 1278 1590; x_wconf 87' lang='lat' dir='ltr'><strong>et</strong></span> <span class='ocrx_word' id='word_1_163' title='bbox 1310 1549 1498 1590; x_wconf 85' lang='lat' dir='ltr'><strong>deliciari</strong></span> 
     </span>
     <span class='ocr_line' id='line_1_20' title="bbox 80 1627 1498 1684; baseline -0.001 -16"><span class='ocrx_word' id='word_1_164' title='bbox 80 1627 318 1669; x_wconf 86' lang='lat' dir='ltr'><strong>volentibus</strong></span> <span class='ocrx_word' id='word_1_165' title='bbox 347 1641 480 1670; x_wconf 86' lang='lat' dir='ltr'><strong>semet</strong></span> <span class='ocrx_word' id='word_1_166' title='bbox 511 1628 662 1684; x_wconf 87' lang='lat' dir='ltr'><strong>ipsum,</strong></span> <span class='ocrx_word' id='word_1_167' title='bbox 695 1640 735 1669; x_wconf 91' lang='lat' dir='ltr'><strong>et</strong></span> <span class='ocrx_word' id='word_1_168' title='bbox 764 1628 987 1681; x_wconf 81' lang='lat' dir='ltr'><strong>fragrantia</strong></span> <span class='ocrx_word' id='word_1_169' title='bbox 1016 1628 1182 1668; x_wconf 84' lang='lat' dir='ltr'><strong>exhibet</strong></span> <span class='ocrx_word' id='word_1_170' title='bbox 1211 1644 1352 1683; x_wconf 87' lang='lat' dir='ltr'><strong>poma.</strong></span> <span class='ocrx_word' id='word_1_171' title='bbox 1393 1627 1498 1668; x_wconf 87' lang='lat' dir='ltr'><strong>Pro-</strong></span> 
     </span>
     <span class='ocr_line' id='line_1_21' title="bbox 78 1704 1499 1763; baseline -0.001 -17"><span class='ocrx_word' id='word_1_172' title='bbox 78 1717 224 1761; x_wconf 86' lang='lat' dir='ltr'><strong>pterea</strong></span> <span class='ocrx_word' id='word_1_173' title='bbox 261 1721 358 1758; x_wconf 87' lang='lat' dir='ltr'><strong>ergo</strong></span> <span class='ocrx_word' id='word_1_174' title='bbox 397 1718 437 1747; x_wconf 85' lang='lat' dir='ltr'><strong>et</strong></span> <span class='ocrx_word' id='word_1_175' title='bbox 475 1723 627 1763; x_wconf 87' lang='lat' dir='ltr'><strong>sponsa</strong></span> <span class='ocrx_word' id='word_1_176' title='bbox 667 1706 783 1747; x_wconf 85' lang='lat' dir='ltr'><strong>velut</strong></span> <span class='ocrx_word' id='word_1_177' title='bbox 822 1707 979 1746; x_wconf 85' lang='lat' dir='ltr'><strong>refecta</strong></span> <span class='ocrx_word' id='word_1_178' title='bbox 1019 1704 1102 1762; x_wconf 82' lang='lat' dir='ltr'><strong>jam</strong></span> <span class='ocrx_word' id='word_1_179' title='bbox 1143 1716 1183 1745; x_wconf 90' lang='lat' dir='ltr'><strong>et</strong></span> <span class='ocrx_word' id='word_1_180' title='bbox 1220 1706 1328 1745; x_wconf 88' lang='lat' dir='ltr'><strong>bene</strong></span> <span class='ocrx_word' id='word_1_181' title='bbox 1370 1716 1499 1760; x_wconf 86' lang='lat' dir='ltr'><strong>pasta,</strong></span> 
     </span>
     <span class='ocr_line' id='line_1_22' title="bbox 78 1781 1500 1840; baseline -0.002 -15"><span class='ocrx_word' id='word_1_182' title='bbox 78 1784 222 1825; x_wconf 79' lang='lat' dir='ltr'><strong>fulciri</strong></span> <span class='ocrx_word' id='word_1_183' title='bbox 250 1783 294 1825; x_wconf 86' lang='lat' dir='ltr'><strong>in</strong></span> <span class='ocrx_word' id='word_1_184' title='bbox 323 1783 460 1825; x_wconf 88' lang='lat' dir='ltr'><strong>meliis</strong></span> <span class='ocrx_word' id='word_1_185' title='bbox 489 1800 532 1825; x_wconf 91' lang='lat' dir='ltr'><strong>se</strong></span> <span class='ocrx_word' id='word_1_186' title='bbox 570 1783 733 1840; x_wconf 87' lang='lat' dir='ltr'><strong>poscit,</strong></span> <span class='ocrx_word' id='word_1_187' title='bbox 771 1784 902 1824; x_wconf 89' lang='lat' dir='ltr'><strong>sciens</strong></span> <span class='ocrx_word' id='word_1_188' title='bbox 941 1782 983 1823; x_wconf 91' lang='lat' dir='ltr'><strong>in</strong></span> <span class='ocrx_word' id='word_1_189' title='bbox 1014 1784 1143 1823; x_wconf 89' lang='lat' dir='ltr'><strong>verbo</strong></span> <span class='ocrx_word' id='word_1_190' title='bbox 1187 1798 1273 1823; x_wconf 87' lang='lat' dir='ltr'><strong>esse</strong></span> <span class='ocrx_word' id='word_1_191' title='bbox 1304 1781 1383 1823; x_wconf 90' lang='lat' dir='ltr'><strong>sibi</strong></span> <span class='ocrx_word' id='word_1_192' title='bbox 1412 1797 1500 1822; x_wconf 87' lang='lat' dir='ltr'><strong>non</strong></span> 
     </span>
     <span class='ocr_line' id='line_1_23' title="bbox 79 1860 1499 1916; baseline -0.002 -13"><span class='ocrx_word' id='word_1_193' title='bbox 79 1861 218 1903; x_wconf 87' lang='lat' dir='ltr'><strong>solum</strong></span> <span class='ocrx_word' id='word_1_194' title='bbox 249 1878 418 1903; x_wconf 89' lang='lat' dir='ltr'><strong>omnem</strong></span> <span class='ocrx_word' id='word_1_195' title='bbox 458 1862 622 1913; x_wconf 90' lang='lat' dir='ltr'><strong>cibum,</strong></span> <span class='ocrx_word' id='word_1_196' title='bbox 661 1861 733 1903; x_wconf 86' lang='lat' dir='ltr'><strong>sed</strong></span> <span class='ocrx_word' id='word_1_197' title='bbox 774 1873 815 1902; x_wconf 91' lang='lat' dir='ltr'><strong>et</strong></span> <span class='ocrx_word' id='word_1_198' title='bbox 851 1877 996 1902; x_wconf 89' lang='lat' dir='ltr'><strong>omnes</strong></span> <span class='ocrx_word' id='word_1_199' title='bbox 1036 1860 1228 1902; x_wconf 87' lang='lat' dir='ltr'><strong>delicias:</strong></span> <span class='ocrx_word' id='word_1_200' title='bbox 1275 1872 1316 1901; x_wconf 90' lang='lat' dir='ltr'><strong>et</strong></span> <span class='ocrx_word' id='word_1_201' title='bbox 1344 1876 1422 1916; x_wconf 87' lang='lat' dir='ltr'><strong>per</strong></span> <span class='ocrx_word' id='word_1_202' title='bbox 1452 1875 1499 1900; x_wconf 88' lang='lat' dir='ltr'><strong>ea</strong></span> 
     </span>
     <span class='ocr_line' id='line_1_24' title="bbox 76 1937 1497 1995; baseline -0.002 -14"><span class='ocrx_word' id='word_1_203' title='bbox 76 1939 255 1981; x_wconf 82' lang='lat' dir='ltr'><strong>maxime</strong></span> <span class='ocrx_word' id='word_1_204' title='bbox 287 1939 504 1991; x_wconf 88' lang='lat' dir='ltr'><strong>discurrit,</strong></span> <span class='ocrx_word' id='word_1_205' title='bbox 543 1940 645 1981; x_wconf 90' lang='lat' dir='ltr'><strong>dum</strong></span> <span class='ocrx_word' id='word_1_206' title='bbox 682 1956 725 1981; x_wconf 88' lang='lat' dir='ltr'><strong>se</strong></span> <span class='ocrx_word' id='word_1_207' title='bbox 765 1939 1024 1981; x_wconf 82' lang='lat' dir='ltr'><strong>vulneratam</strong></span> <span class='ocrx_word' id='word_1_208' title='bbox 1063 1938 1189 1980; x_wconf 89' lang='lat' dir='ltr'><strong>sentit</strong></span> <span class='ocrx_word' id='word_1_209' title='bbox 1229 1954 1315 1979; x_wconf 91' lang='lat' dir='ltr'><strong>esse</strong></span> <span class='ocrx_word' id='word_1_210' title='bbox 1349 1937 1497 1995; x_wconf 83' lang='lat' dir='ltr'><strong>jaculis</strong></span> 
     </span>
     <span class='ocr_line' id='line_1_25' title="bbox 78 2014 1500 2075; baseline -0.002 -16"><span class='ocrx_word' id='word_1_211' title='bbox 78 2017 269 2062; x_wconf 85' lang='lat' dir='ltr'><strong>caritatis.</strong></span> <span class='ocrx_word' id='word_1_212' title='bbox 329 2017 376 2060; x_wconf 89' lang='lat' dir='ltr'><strong>Si</strong></span> <span class='ocrx_word' id='word_1_213' title='bbox 406 2018 498 2075; x_wconf 90' lang='lat' dir='ltr'><strong>quis</strong></span> <span class='ocrx_word' id='word_1_214' title='bbox 527 2034 703 2075; x_wconf 85' lang='lat' dir='ltr'><strong>usquam</strong></span> <span class='ocrx_word' id='word_1_215' title='bbox 736 2029 808 2069; x_wconf 88' lang='lat' dir='ltr'><strong>est,</strong></span> <span class='ocrx_word' id='word_1_216' title='bbox 841 2017 913 2074; x_wconf 88' lang='lat' dir='ltr'><strong>qui</strong></span> <span class='ocrx_word' id='word_1_217' title='bbox 943 2017 1062 2058; x_wconf 86' lang='lat' dir='ltr'><strong>fideli</strong></span> <span class='ocrx_word' id='word_1_218' title='bbox 1092 2017 1175 2058; x_wconf 87' lang='lat' dir='ltr'><strong>hoc</strong></span> <span class='ocrx_word' id='word_1_219' title='bbox 1205 2032 1349 2058; x_wconf 87' lang='lat' dir='ltr'><strong>amore</strong></span> <span class='ocrx_word' id='word_1_220' title='bbox 1381 2014 1500 2057; x_wconf 85' lang='lat' dir='ltr'><strong>verbi</strong></span> 
     </span>
     <span class='ocr_line' id='line_1_26' title="bbox 76 2091 1500 2152; baseline -0.002 -16"><span class='ocrx_word' id='word_1_221' title='bbox 76 2095 160 2137; x_wconf 86' lang='lat' dir='ltr'><strong>Dei</strong></span> <span class='ocrx_word' id='word_1_222' title='bbox 197 2095 296 2137; x_wconf 84' lang='lat' dir='ltr'><strong>arsit</strong></span> <span class='ocrx_word' id='word_1_223' title='bbox 324 2095 573 2152; x_wconf 87' lang='lat' dir='ltr'><strong>aliquando,</strong></span> <span class='ocrx_word' id='word_1_224' title='bbox 611 2096 645 2137; x_wconf 83' lang='lat' dir='ltr'><strong>si</strong></span> <span class='ocrx_word' id='word_1_225' title='bbox 676 2097 767 2152; x_wconf 89' lang='lat' dir='ltr'><strong>quis</strong></span> <span class='ocrx_word' id='word_1_226' title='bbox 806 2107 887 2146; x_wconf 87' lang='lat' dir='ltr'><strong>est,</strong></span> <span class='ocrx_word' id='word_1_227' title='bbox 928 2107 975 2136; x_wconf 91' lang='lat' dir='ltr'><strong>ut</strong></span> <span class='ocrx_word' id='word_1_228' title='bbox 1011 2094 1221 2151; x_wconf 86' lang='lat' dir='ltr'><strong>propheta</strong></span> <span class='ocrx_word' id='word_1_229' title='bbox 1261 2094 1386 2144; x_wconf 88' lang='lat' dir='ltr'><strong>dicit,</strong></span> <span class='ocrx_word' id='word_1_230' title='bbox 1427 2091 1500 2149; x_wconf 84' lang='lat' dir='ltr'><strong>qui</strong></span> 
     </span>
     <span class='ocr_line' id='line_1_27' title="bbox 80 2168 1499 2231; baseline -0.002 -17"><span class='ocrx_word' id='word_1_231' title='bbox 80 2172 261 2230; x_wconf 79' lang='lat' dir='ltr'><strong>electi⁵)</strong></span> <span class='ocrx_word' id='word_1_232' title='bbox 302 2171 428 2230; x_wconf 79' lang='lat' dir='ltr'><strong>jaculi</strong></span> <span class='ocrx_word' id='word_1_233' title='bbox 469 2172 556 2231; x_wconf 85' lang='lat' dir='ltr'><strong>ejus</strong></span> <span class='ocrx_word' id='word_1_234' title='bbox 599 2173 722 2214; x_wconf 88' lang='lat' dir='ltr'><strong>dulce</strong></span> <span class='ocrx_word' id='word_1_235' title='bbox 761 2173 912 2214; x_wconf 90' lang='lat' dir='ltr'><strong>vulnus</strong></span> <span class='ocrx_word' id='word_1_236' title='bbox 950 2172 1200 2229; x_wconf 85' lang='lat' dir='ltr'><strong>plagamque</strong></span> <span class='ocrx_word' id='word_1_237' title='bbox 1240 2171 1426 2227; x_wconf 87' lang='lat' dir='ltr'><strong>accepit,</strong></span> <span class='ocrx_word' id='word_1_238' title='bbox 1464 2168 1499 2210; x_wconf 86' lang='lat' dir='ltr'><strong>si</strong></span> 
     </span>
     <span class='ocr_line' id='line_1_28' title="bbox 81 2246 1502 2309; baseline -0.002 -19"><span class='ocrx_word' id='word_1_239' title='bbox 81 2249 171 2306; x_wconf 85' lang='lat' dir='ltr'><strong>quis</strong></span> <span class='ocrx_word' id='word_1_240' title='bbox 201 2261 281 2302; x_wconf 86' lang='lat' dir='ltr'><strong>est,</strong></span> <span class='ocrx_word' id='word_1_241' title='bbox 321 2250 394 2307; x_wconf 87' lang='lat' dir='ltr'><strong>qui</strong></span> <span class='ocrx_word' id='word_1_242' title='bbox 436 2249 632 2291; x_wconf 86' lang='lat' dir='ltr'><strong>scientiae</strong></span> <span class='ocrx_word' id='word_1_243' title='bbox 663 2249 749 2309; x_wconf 86' lang='lat' dir='ltr'><strong>ejus</strong></span> <span class='ocrx_word' id='word_1_244' title='bbox 780 2250 952 2292; x_wconf 88' lang='lat' dir='ltr'><strong>amabili</strong></span> <span class='ocrx_word' id='word_1_245' title='bbox 985 2250 1170 2291; x_wconf 79' lang='lat' dir='ltr'><strong>confixus</strong></span> <span class='ocrx_word' id='word_1_246' title='bbox 1202 2260 1263 2290; x_wconf 88' lang='lat' dir='ltr'><strong>est</strong></span> <span class='ocrx_word' id='word_1_247' title='bbox 1291 2248 1403 2299; x_wconf 83' lang='lat' dir='ltr'><strong>telo,</strong></span> <span class='ocrx_word' id='word_1_248' title='bbox 1443 2246 1502 2288; x_wconf 88' lang='lat' dir='ltr'><strong>ita</strong></span> 
     </span>
    </p>
   </div>
   <div class='ocr_carea' id='block_1_3' title="bbox 81 2323 1499 2384">
    <p class='ocr_par' dir='ltr' id='par_1_3' title="bbox 81 2323 1499 2384">
     <span class='ocr_line' id='line_1_29' title="bbox 81 2323 1499 2384; baseline -0.002 -17"><span class='ocrx_word' id='word_1_249' title='bbox 81 2338 127 2367; x_wconf 87' lang='lat' dir='ltr'><strong>ut</strong></span> <span class='ocrx_word' id='word_1_250' title='bbox 158 2326 314 2369; x_wconf 85' lang='lat' dir='ltr'><strong>diurnis</strong></span> <span class='ocrx_word' id='word_1_251' title='bbox 343 2344 439 2370; x_wconf 84' lang='lat' dir='ltr'><strong>eum</strong></span> <span class='ocrx_word' id='word_1_252' title='bbox 470 2328 686 2370; x_wconf 88' lang='lat' dir='ltr'><strong>desideriis</strong></span> <span class='ocrx_word' id='word_1_253' title='bbox 713 2328 1014 2384; x_wconf 86' lang='lat' dir='ltr'><strong>noctumisque</strong></span> <span class='ocrx_word' id='word_1_254' title='bbox 1035 2327 1229 2383; x_wconf 80' lang='lat' dir='ltr'><strong>suspiret,</strong></span> <span class='ocrx_word' id='word_1_255' title='bbox 1259 2326 1374 2367; x_wconf 88' lang='lat' dir='ltr'><strong>aliud</strong></span> <span class='ocrx_word' id='word_1_256' title='bbox 1398 2323 1499 2381; x_wconf 87' lang='lat' dir='ltr'><strong>quid</strong></span> 
     </span>
    </p>
   </div>
   <div class='ocr_carea' id='block_1_4' title="bbox 196 2495 1497 2623">
    <p class='ocr_par' dir='ltr' id='par_1_4' title="bbox 196 2495 1484 2623">
     <span class='ocr_line' id='line_1_30' title="bbox 199 2495 1440 2554; baseline -0.002 -17"><span class='ocrx_word' id='word_1_257' title='bbox 199 2495 239 2552; x_wconf 84' lang='lat'><strong>¹)</strong></span> <span class='ocrx_word' id='word_1_258' title='bbox 269 2495 418 2537; x_wconf 79' lang='lat' dir='ltr'><strong>Matth.</strong></span> <span class='ocrx_word' id='word_1_259' title='bbox 448 2496 541 2548; x_wconf 85' lang='lat' dir='ltr'><strong>XV,</strong></span> <span class='ocrx_word' id='word_1_260' title='bbox 574 2497 638 2542; x_wconf 83' lang='lat'><strong>13.</strong></span> <span class='ocrx_word' id='word_1_261' title='bbox 756 2496 801 2554; x_wconf 86' lang='lat'><strong>²)</strong></span> <span class='ocrx_word' id='word_1_262' title='bbox 830 2497 963 2539; x_wconf 87' lang='lat' dir='ltr'><strong>Deest</strong></span> <span class='ocrx_word' id='word_1_263' title='bbox 993 2502 1148 2550; x_wconf 83' lang='lat' dir='ltr'><strong>„ergo“</strong></span> <span class='ocrx_word' id='word_1_264' title='bbox 1177 2495 1219 2537; x_wconf 87' lang='lat' dir='ltr'><strong>in</strong></span> <span class='ocrx_word' id='word_1_265' title='bbox 1253 2496 1348 2537; x_wconf 88' lang='lat' dir='ltr'><strong>edd.</strong></span> <span class='ocrx_word' id='word_1_266' title='bbox 1380 2495 1440 2535; x_wconf 83' lang='lat' dir='ltr'><strong>M.</strong></span> 
     </span>
     <span class='ocr_line' id='line_1_31' title="bbox 196 2565 1497 2623; baseline -0.002 -16"><span class='ocrx_word' id='word_1_267' title='bbox 196 2566 238 2622; x_wconf 85' lang='lat'><strong>³)</strong></span> <span class='ocrx_word' id='word_1_268' title='bbox 269 2565 378 2606; x_wconf 86' lang='lat' dir='ltr'><strong>Edd</strong></span> <span class='ocrx_word' id='word_1_269' title='bbox 394 2565 454 2608; x_wconf 89' lang='lat' dir='ltr'><strong>M.</strong></span> <span class='ocrx_word' id='word_1_270' title='bbox 486 2568 680 2619; x_wconf 87' lang='lat' dir='ltr'><strong>‚,meleas,</strong></span> <span class='ocrx_word' id='word_1_271' title='bbox 711 2580 752 2609; x_wconf 90' lang='lat' dir='ltr'><strong>et</strong></span> <span class='ocrx_word' id='word_1_272' title='bbox 787 2594 856 2610; x_wconf 86' lang='lat'><strong>—-.</strong></span> <span class='ocrx_word' id='word_1_273' title='bbox 917 2567 1037 2623; x_wconf 84' lang='lat' dir='ltr'><strong>Quae</strong></span> <span class='ocrx_word' id='word_1_274' title='bbox 1068 2567 1228 2608; x_wconf 83' lang='lat' dir='ltr'><strong>meleae</strong></span> <span class='ocrx_word' id='word_1_275' title='bbox 1259 2565 1386 2607; x_wconf 83' lang='lat' dir='ltr'><strong>illae“</strong></span> <span class='ocrx_word' id='word_1_276' title='bbox 1420 2575 1497 2604; x_wconf 86' lang='lat' dir='ltr'><strong>etc.</strong></span> 
     </span>
    </p>
   </div>
   <div class='ocr_carea' id='block_1_5' title="bbox 79 2634 1499 2792">
    <p class='ocr_par' dir='ltr' id='par_1_5' title="bbox 79 2634 1499 2792">
     <span class='ocr_line' id='line_1_32' title="bbox 198 2634 1499 2704; baseline -0.002 -27"><span class='ocrx_word' id='word_1_277' title='bbox 198 2638 240 2692; x_wconf 79' lang='lat'><strong>4)</strong></span> <span class='ocrx_word' id='word_1_278' title='bbox 271 2635 380 2677; x_wconf 87' lang='lat' dir='ltr'><strong>Edd</strong></span> <span class='ocrx_word' id='word_1_279' title='bbox 398 2636 460 2678; x_wconf 89' lang='grc' dir='ltr'><strong>Μ</strong></span> <span class='ocrx_word' id='word_1_280' title='bbox 492 2639 718 2704; x_wconf 84' lang='lat' dir='ltr'><strong>„exposcit</strong></span> <span class='ocrx_word' id='word_1_281' title='bbox 736 2655 800 2681; x_wconf 84' lang='lat' dir='ltr'><strong>se:</strong></span> <span class='ocrx_word' id='word_1_282' title='bbox 832 2639 885 2680; x_wconf 87' lang='lat' dir='ltr'><strong>ad</strong></span> <span class='ocrx_word' id='word_1_283' title='bbox 916 2639 1030 2695; x_wconf 89' lang='lat' dir='ltr'><strong>quod</strong></span> <span class='ocrx_word' id='word_1_284' title='bbox 1051 2636 1369 2691; x_wconf 84' lang='lat' dir='ltr'><strong>significandum</strong></span> <span class='ocrx_word' id='word_1_285' title='bbox 1389 2634 1499 2675; x_wconf 87' lang='lat' dir='ltr'><strong>illud</strong></span> 
     </span>
     <span class='ocr_line' id='line_1_33' title="bbox 82 2690 1497 2750; baseline -0.004 -15"><span class='ocrx_word' id='word_1_286' title='bbox 82 2705 162 2735; x_wconf 86' lang='lat' dir='ltr'><strong>est:</strong></span> <span class='ocrx_word' id='word_1_287' title='bbox 196 2693 311 2750; x_wconf 90' lang='lat' dir='ltr'><strong>quod</strong></span> <span class='ocrx_word' id='word_1_288' title='bbox 342 2704 383 2734; x_wconf 88' lang='lat' dir='ltr'><strong>et</strong></span> <span class='ocrx_word' id='word_1_289' title='bbox 411 2709 560 2735; x_wconf 86' lang='lat' dir='ltr'><strong>manna</strong></span> <span class='ocrx_word' id='word_1_290' title='bbox 578 2694 802 2750; x_wconf 85' lang='lat' dir='ltr'><strong>unicuique</strong></span> <span class='ocrx_word' id='word_1_291' title='bbox 835 2708 941 2737; x_wconf 85' lang='lat' dir='ltr'><strong>esset</strong></span> <span class='ocrx_word' id='word_1_292' title='bbox 960 2712 1067 2736; x_wconf 90' lang='lat' dir='ltr'><strong>unus</strong></span> <span class='ocrx_word' id='word_1_293' title='bbox 1101 2695 1235 2735; x_wconf 87' lang='lat' dir='ltr'><strong>cibus·</strong></span> <span class='ocrx_word' id='word_1_294' title='bbox 1267 2690 1497 2746; x_wconf 86' lang='lat' dir='ltr'><strong>unicuique</strong></span> 
     </span>
     <span class='ocr_line' id='line_1_34' title="bbox 79 2749 682 2792; baseline 0 0"><span class='ocrx_word' id='word_1_295' title='bbox 79 2764 219 2792; x_wconf 82' lang='lat' dir='ltr'><strong>tamen</strong></span> <span class='ocrx_word' id='word_1_296' title='bbox 250 2749 445 2791; x_wconf 86' lang='lat' dir='ltr'><strong>desiderii</strong></span> <span class='ocrx_word' id='word_1_297' title='bbox 475 2750 574 2791; x_wconf 90' lang='lat' dir='ltr'><strong>sui“</strong></span> <span class='ocrx_word' id='word_1_298' title='bbox 604 2762 682 2792; x_wconf 84' lang='lat' dir='ltr'><strong>etc.</strong></span> 
     </span>
    </p>
   </div>
   <div class='ocr_carea' id='block_1_6' title="bbox 80 2818 1496 2929">
    <p class='ocr_par' dir='ltr' id='par_1_6' title="bbox 80 2818 1496 2922">
     <span class='ocr_line' id='line_1_35' title="bbox 198 2818 1496 2880; baseline -0.003 -18"><span class='ocrx_word' id='word_1_299' title='bbox 198 2820 856 2878; x_wconf 49' lang='lat' dir='ltr'><strong>⁵)Eddw1.„electisjaculis</strong></span> <span class='ocrx_word' id='word_1_300' title='bbox 887 2822 1010 2880; x_wconf 82' lang='lat' dir='ltr'><strong>ejus“</strong></span> <span class='ocrx_word' id='word_1_301' title='bbox 1044 2834 1120 2862; x_wconf 80' lang='lat' dir='ltr'><strong>etc.</strong></span> <span class='ocrx_word' id='word_1_302' title='bbox 1161 2844 1211 2852; x_wconf 79' lang='lat'><strong>--</strong></span> <span class='ocrx_word' id='word_1_303' title='bbox 1255 2819 1340 2860; x_wconf 80' lang='lat' dir='ltr'>Cf1.</span> <span class='ocrx_word' id='word_1_304' title='bbox 1372 2818 1496 2860; x_wconf 72' lang='lat' dir='ltr'><strong>sesai.</strong></span> 
     </span>
     <span class='ocr_line' id='line_1_36' title="bbox 80 2877 312 2929; baseline 0.014 -10"><span class='ocrx_word' id='word_1_305' title='bbox 80 2877 243 2929; x_wconf 89' lang='lat' dir='ltr'><strong>XLIX,</strong></span> <span class='ocrx_word' id='word_1_306' title='bbox 273 2877 312 2922; x_wconf 80' lang='grc'>2</span> 
     </span>
    </p>
   </div>
   <div class='ocr_carea' id='block_1_7' title="bbox 237 2434 408 2441">
    <p class='ocr_par' dir='ltr' id='par_1_7' title="bbox 237 2434 408 2441">
     <span class='ocr_line' id='line_1_37' title="bbox 237 2434 408 2441; baseline 0 671"><span class='ocrx_word' id='word_1_307' title='bbox 237 2434 408 2441; x_wconf 95' lang='lat' dir='ltr'><strong> </strong></span> 
     </span>
    </p>
   </div>
  </div>
 </body>
</html>
