1763 3112
231 53 314 99 232
661 48 885 89 ORIGENIS
915 58 961 86 m
993 45 1232 85 Jssnssmmm

226 165 334 214 θεὸς
363 161 476 207 κατὰ
511 160 560 205 τὸ
592 159 932 218 γεγραμμένον,
967 154 1033 198 ὅτι
1065 153 1382 212 ,,ἐπάταξεν“)
1413 155 1435 200 6
1467 159 1572 208 θεὸς
1601 161 1650 204 ἐν

220 239 392 302 χαλάζῃ
421 238 503 295 τὴν
535 234 742 296 ι’ἰμπελον
773 233 943 287 αὐτῶν,
977 235 1052 275 καὶ
1083 232 1161 281 τὰς
1194 238 1473 292 συκαμίνους
1501 234 1649 279 αὐτῶν

229 321 279 363 ἐν
308 317 476 378 πάχνῃ.

340 395 383 439 2.
416 392 717 446 Κατανόησον
765 379 848 433 οὖν
886 403 967 443 μοι
1008 384 1182 436 πάντας
1212 385 1486 446 ἀνθρώπους
1533 385 1645 433 εἶναι

231 474 456 530 τροπικῶς
487 475 570 514 νῦν
594 464 873 526 χωρητικοὺς
904 467 1046 507 οἴνου.
1115 466 1207 506 Καὶ
1251 463 1455 520 ὀνομάζω
1489 464 1651 514 αὐτοὺς

229 548 340 594 κατὰ
373 551 505 592 τοῦτο
539 543 705 593 ἀσκοὺς
734 545 811 586 καὶ
825 542 867 597 ²)
906 543 1047 597 λέγω,
1093 540 1153 583 ὅτι
1188 538 1210 585 ὁ
1242 542 1329 597 μὲν
1360 545 1535 599 ([αῦλος
1563 559 1650 587 πε-

231 624 459 681 πλήρωται
495 627 622 667 οἴνου
653 622 874 677 ἀμπέλων
902 615 1154 673 Σοδόμων,
1195 617 1483 676 πεπλήρωται
1522 623 1650 664 οἴνου

230 707 510 761 Αἰγυπτίου,
561 702 637 742 καὶ
680 701 807 742 οἴνου
843 698 934 740 τῶν
976 696 1157 751 ἐχθρῶν
1194 698 1273 740 τοῦ
1308 696 1503 754 Ἰσραήλ·
1547 696 1569 740 6
1602 699 1650 741 δὲ

226 778 373 836 ἅγιος,
405 781 482 821 καὶ
511 777 803 835 ὠφελημένος
834 769 1125 831 πεπλήρωται
1158 776 1284 816 οἴνου
1321 772 1412 817 dm)
1444 774 1652 832 ἀμπέλου

231 855 408 916 Σωρὴκ,
441 858 519 899 καὶ
549 858 695 911 οἴνου,
727 855 831 908 περὶ
868 842 919 894 οὗ
950 853 1203 909 γέγραπται
1224 864 1233 873 ·
1265 850 1347 906 ,,τὸ
1363 851 1407 908 ³)
1435 849 1654 908 ποτήριόν

234 948 317 978 σου
345 931 581 987 μεθύσκον
613 928 671 979 ὠς
700 927 986 990 κράτιστον.“
1055 931 1147 970 Καὶ
1186 925 1326 970 πάλιν
1364 926 1651 986 πεπλήρωται

234 1014 362 1054 οἴνου
401 1008 423 1054 6
455 1007 608 1066 ἅγιος,
648 1006 725 1065 ἀφ’
770 998 824 1050 οὗ
854 1007 1066 1064 ἐκέρασεν
1102 1003 1127 1059 ἡ
1161 1009 1320 1063 σοᾳηία.
1386 1009 1538 1049 Ταῦτα
1566 1007 1654 1063 μὲν

235 1080 320 1132 οὖν
349 1092 543 1132 νοείσθω
573 1102 653 1141 μοι
683 1083 797 1128 κατὰ
825 1081 906 1138 τὴν
936 1087 1116 1137 κακίαν,
1147 1085 1224 1124 καὶ
1255 1082 1335 1136 τὴν
1365 1083 1542 1140 ἀρετήν,
1575 1088 1651 1128 ἵνα

233 1168 445 1223 θεωρηθῇ
477 1162 554 1208 τό·
595 1164 719 1217 ,,πᾶς
736 1160 781 1216 ⁴)
814 1159 949 1208 ἀσκὸς
982 1163 1110 1204 οἴνου
1139 1162 1442 1217 πληροῦται.“
1512 1166 1573 1205 ,Εἰ
1603 1163 1653 1206 δὲ

235 1243 310 1286 δεῖ
334 1243 452 1285 ἰδεῖν
480 1243 557 1283 καὶ
586 1237 665 1288 τὰς
705 1236 783 1280 διὰ
822 1236 904 1291 τὴν
944 1241 1109 1279 κακίαν
1138 1240 1213 1279 καὶ
1245 1235 1300 1280 δι’
1335 1237 1522 1294 ἀρετὴν,
1570 1256 1654 1283 κο-

234 1314 384 1366 λάσεις
411 1317 500 1375 μὲν
527 1314 610 1365 τας
639 1313 716 1358 διὰ
747 1314 830 1369 τὴν
858 1318 1044 1367 κακίαν,
1078 1311 1286 1369 εὐλογίας
1316 1304 1365 1359 δὲ
1395 1319 1471 1358 καὶ
1503 1317 1652 1374 ἐπαγ-

234 1397 388 1451 γελίας
416 1391 493 1443 τὰς
523 1391 599 1436 διὰ
633 1391 716 1447 τὴν
741 1389 934 1451 ἀρετήν·
967 1387 1333 1449 παραστήσωμεν
1362 1391 1455 1435 ἀπὸ
1478 1397 1570 1436 τῶν
1587 1396 1654 1438 ἱε-

235 1474 330 1529 ρῶν
356 1467 656 1529 γραμμάτων,
687 1473 788 1512 τίνα
816 1465 991 1526 τρόπον
1022 1470 1070 1510 αἱ
1098 1465 1316 1521 κολάσεις,
1348 1473 1425 1512 καὶ
1444 1472 1492 1512 αἱ
1507 1472 1655 1528 ἐπαγ-

235 1551 383 1605 γελίαι
413 1547 611 1601 οἱονεὶ5)
643 1549 841 1604 λέγεται·
874 1543 1016 1600 ,,λάβε
1033 1545 1075 1601 6)
1105 1543 1155 1589 τὸ
1186 1543 1405 1602 ποτήριον
1431 1549 1510 1590 τοῦ
1529 1550 1656 1591 οἴνου

236 1627 318 1668 τοῦ
346 1623 548 1682 ἀκράτου
587 1621 774 1679 τούτου,
815 1626 892 1667 καὶ
921 1627 1092 1672 ποτιεῖς
1118 1619 1269 1666 πάντα
1301 1620 1354 1666 τοὶ
1386 1624 1512 1679 ἔθνη,
1544 1624 1658 1683 πρὸς

238 1697 266 1744 ἃ
297 1699 387 1758 ἐγώ
429 1702 712 1751 ἐξαποστελῶ
751 1715 801 1745 σε
840 1698 955 1758 πρὸς
991 1697 1206 1749 αὐτούς.“
1266 1698 1480 1757 Ἱερεμίας
1517 1705 1657 1746 ταῦτα

237 1781 379 1836 λέγει,
422 1770 457 1835 ᾧ
496 1779 725 1836 ἐπιφέρει·
770 1778 940 1833 „mezo
977 1782 1184 1833 πίονται,
1231 1779 1308 1821 καὶ
1353 1778 1654 1836 ἐξεμέσονται,

1099 1855 1127 1876 “
1197 1853 1379 1898 Οὐκοῦν
1409 1854 1487 1905 τὰς
1515 1854 1657 1900 κολά-

239 1858 316 1899 καὶ
346 1851 694 1914 ἐκμανήσονται,
723 1856 800 1897 καὶ
829 1856 1091 1898 πεσοῦνται.

239 1948 331 1982 σεις
358 1930 601 1990 ὠνόμασεν
631 1932 832 1975 ἐνταῦθα
864 1928 991 1974 οἶνον
1022 1925 1244 1990 ἄκρατον,
1287 1927 1341 1974 ὃν
1369 1937 1584 1976 πίνουσιν
1615 1936 1659 1977 οἱ

239 2007 441 2067 ἀκράτου
463 2013 607 2064 οἴνου,
635 2012 877 2063 τουτέστιν,
910 2004 1107 2065 ἀκράτου
1132 2004 1356 2057 κολάσεως
1370 2004 1504 2058 ἄξιοι.
1550 2012 1658 2054 Εἰσὶ

241 2087 292 2131 δὲ
322 2089 399 2130 καὶ
427 2082 554 2130 ἄλλοι
594 2080 642 2130 οἵ
674 2089 884 2135 πίνοντες
920 2081 1108 2129 κόλασιν
1148 2083 1232 2128 οὐκ
1274 2080 1497 2144 ἄκρατον,
1544 2085 1657 2130 ἀλλὰ

240 2167 599 2220 κεκερασμένην·
638 2161 893 2223 ,,ποτη’ριον
908 2161 952 2220 8)
988 2160 1078 2220 γὰρ
1116 2162 1166 2206 ἐν
1198 2165 1320 2222 χειρὶ
1360 2167 1541 2224 κυρίου,
1586 2167 1657 2208 οἴ-

360 2305 399 2361 ¹)
431 2305 516 2347 Cfr.
548 2305 701 2346 Psalm.
732 2305 969 2354 LXXVIII,
999 2303 1063 2346 47.
1095 2303 1352 2359 (LXXVII.)

358 2376 400 2430 ²)
430 2375 563 2415 Deest
592 2381 723 2426 ,,καί“
753 2375 795 2415 in
827 2376 891 2416 ed.
923 2375 975 2416 R.

357 2446 401 2500 3)
432 2445 584 2486 Psalm.
614 2446 778 2495 XXIII,
809 2446 846 2487 5.
881 2445 1062 2501 (XXII.)

357 2516 397 2570 ⁴¹)
432 2515 518 2556 Csr.
548 2516 704 2555 Jerem.
733 2516 854 2564 XIII,
888 2514 951 2558 12.

358 2586 401 2641 ⁵)
431 2586 483 2626 R.
514 2584 557 2626 in
586 2584 697 2625 notis
726 2601 813 2625 non
842 2586 973 2625 male:
1010 2585 1149 2638 „lege:
1189 2581 1350 2634 οἷνος.“

358 2654 402 2710 ⁶)
435 2655 520 2697 Cfr.
549 2655 705 2697 ὕει-ειη.
735 2655 871 2705 XXV,
904 2655 967 2698 15.

359 2724 400 2781 ⁷)
433 2726 519 2767 Cfr.
548 2727 704 2767 Jerem.
734 2726 869 2774 XXV,
901 2724 966 2768 16.

360 2796 402 2852 ⁸)
435 2797 520 2838 Cfr.
552 2796 703 2837 Psalm.
736 2795 905 2845 LXXV,
934 2794 973 2838 8.
1008 2795 1241 2850 (LXXIV.)
