1734 3112
248 51 330 96 102
579 54 740 97 Sumus
768 54 969 98 PnocoP.
990 53 1338 98 Excfzapronum

254 166 543 217 παλλακίδες.
604 170 715 211 Εἰσί
741 183 856 218 τινες
885 170 962 212 καὶ
992 163 1128 211 τ’ίλλαι
1160 169 1308 225 ψυχαὶ
1339 165 1676 227 ὑποδεέστεραι,

257 243 443 288 ἔλαττον
479 243 632 303 φόβον
670 246 880 303 ἔχουσαι·
927 236 1065 289 αὗταί
1104 248 1221 290 εἰσιν
1262 247 1309 289 αἱ
1347 244 1574 302 νεάνιδες,
1615 238 1682 291 ὧν

259 321 342 365 οὐκ
371 323 493 367 ἔστιν
524 320 734 382 ἀριθμός.
791 321 838 368 Ὀ
869 327 1070 383 νυμφίος
1096 327 1267 380 τοίνυν,
1313 326 1374 381 τῷ
1405 325 1482 367 καὶ
1513 322 1682 369 ἐνθάδε
1733 371 1734 374 ,

259 397 398 449 καλὰς
428 402 505 444 καὶ
535 401 794 459 δυναμένας
824 400 944 459 αὐτῷ
992 397 1108 446 εἶναι
1138 404 1214 445 καὶ
1243 399 1516 456 κοινωνοὺς,
1550 402 1682 458 ἐξῆλ-

258 483 344 522 θεν
374 476 467 522 ἀπὸ
505 481 584 522 τοῦ
623 480 802 523 παστοῦ
841 478 1142 539 ἐπουρανίου,
1198 481 1435 524 κοινωνῶν
1471 478 1686 538 ἀγγέλοις

258 558 335 599 καὶ
366 554 687 615 ιἰρχαγγέλοις·
735 558 898 606 αἵτινές
936 559 1021 601 εἰσι
1052 554 1235 614 νύμφαι
1275 557 1354 601 τοῦ
1398 555 1565 615 λόγου,
1608 560 1684 602 καὶ

257 629 419 688 θρόνοι
454 635 531 675 καὶ
562 630 830 692 κυριότητες.

372 711 546 767 ,,Εῑς1)
578 713 727 767 κῆπον
757 708 931 770 καρύας
967 711 1212 768 κατέβην.“

258 791 427 846 δειγμα
459 791 503 832 οἱ
531 790 702 832 δίκαιοι
732 787 902 847 κάρυαί
927 790 1027 845 εἰσι,
1060 792 1276 849 φέροντες
1302 789 1482 849 καρπὸν
1506 790 1582 835 διὰ
1606 790 1687 848 τὴν

259 866 373 924 πρὸς
404 866 517 912 θεὸν
546 870 799 924 θεραπείαν
828 865 1069 929 ἱερατικὸν,
1104 865 1181 911 διὰ
1211 865 1261 912 τὸ
1285 866 1413 928 ἕρκος
1439 869 1560 926 ἔχειν
1580 873 1687 928 περὶ

261 944 402 989 αὐτά·
437 942 460 989 ὃ
491 948 649 1002 μέντοι
678 944 846 1002 πικρὸν
878 948 955 990 καὶ
980 946 1203 1003 χολῶδες·
1235 944 1390 1004 ἕτερον
1414 947 1469 991 δέ
1482 964 1528 993 τε
1545 951 1687 1004 σκλη-

259 1022 356 1082 ρόν.
413 1024 492 1068 Ἑν
520 1029 613 1074 τοῖς
643 1024 693 1068 δὲ
722 1026 978 1082 περιέχεται
1010 1021 1032 1066 ὀ
1065 1025 1145 1066 τοῦ
1177 1023 1358 1068 δικαίου
1386 1025 1574 1086 καρπὸς,
1607 1026 1684 1071 διὰ

255 1100 305 1145 τὸ
336 1099 504 1162 πικρὸν
533 1105 612 1146 καὶ
645 1100 840 1162 σκληρὸν
868 1104 961 1147 τῶν
988 1103 1274 1161 πειρασμῶν.
1316 1101 1449 1147 Ἀλλὰ
1481 1106 1559 1149 καὶ
1581 1121 1686 1162 χει-

1283 710 1413 756 Kato}
1457 729 1498 757 τι
1527 711 1685 775 παρά-
1707 743 1727 749 -

255 1177 461 1238 μιέῤῥους
501 1179 524 1224 ὁ
563 1178 815 1239 πειρασμὸς
854 1183 1030 1239 λέγοιτο
1062 1177 1174 1223 κατὰ
1205 1178 1280 1224 τό·
1312 1180 1685 1244 »χειμαρῤουνῆ
1732 1187 1734 1196 “

256 1257 448 1312 διῆλθεν
484 1255 510 1313 ἡ
555 1256 679 1315 ψυχὴ
721 1255 906 1315 ἡμῶν.“
968 1255 1230 1314 Ἠβουλήθη
1273 1262 1429 1302 τοίνυν
1465 1259 1491 1316 ἡ
1525 1258 1688 1320 νύμφη

256 1337 494 1390 καταβᾶσα
543 1338 605 1384 εἰς
644 1334 723 1380 τὸν
762 1338 913 1391 κῆπον
943 1339 1019 1391 τῆς
1049 1333 1240 1395 καρύας,
1272 1339 1516 1394 τουτέστιν,
1549 1338 1683 1384 ἐκπε-

255 1415 403 1456 σοῦσα
432 1416 512 1457 τοῦ
543 1415 830 1471 παραδείσου
862 1411 976 1472 πρὸς
994 1411 1077 1469 τὴν
1094 1413 1356 1471 ἕπίμοχθον
1369 1413 1535 1471 ταύτην
1555 1415 1684 1475 ζωὴν,
1731 1416 1734 1423 ’

253 1490 372 1535 ῗδεῖν
401 1488 673 1549 παράδοξόν
712 1510 752 1535 τι
789 1495 998 1550 γέννημα
1028 1494 1108 1536 τοῦ
1135 1494 1365 1551 χειμῶνος
1393 1493 1574 1552 ῥέοντος
1601 1493 1687 1539 λά-
1732 1550 1734 1561 Ι

256 1576 370 1626 βρου
401 1572 628 1625 ποταμοῦ.
682 1567 748 1614 Ἥ
773 1569 886 1614 κατὰ
918 1567 1206 1629 Σύμμαχον·
1247 1574 1445 1626 ,,κατε’βη
1475 1588 1687 1630 καταμα-

255 1653 374 1702 θεῖν,
407 1652 446 1692 εἰ
477 1646 502 1702 ἡ
536 1646 723 1706 φάραγξ
763 1653 843 1693 τοῦ
883 1653 987 1706 βίου
1029 1647 1211 1709 ὀπώρας
1240 1650 1381 1707 ἔχει.“
1445 1648 1577 1694 Ἀλλὰ
1607 1654 1686 1696 καὶ

257 1725 490 1782 ,,ῗὸ”εΐν3),
542 1728 581 1769 εἰ
620 1722 821 1781 ἤνθησεν
868 1725 895 1782 ἡ
946 1723 1216 1784 ἒίμπελος·“
1261 1728 1558 1786 διαφυγοῦσα
1605 1728 1685 1774 τὸν

249 1806 481 1862 χειμῶνα,
522 1805 599 1846 καὶ
629 1802 677 1847 τὸ
709 1805 789 1864 ἔαρ
820 1803 1070 1863 φθάσασα,
1102 1804 1183 1849 τὸν
1213 1803 1374 1863 καιρὸν
1403 1809 1481 1851 τοῦ
1511 1803 1684 1866 Πάσχα

254 1885 331 1927 καὶ
362 1884 436 1937 τῆς
465 1883 558 1925 τῶν
579 1879 771 1939 ἀζύμων
801 1882 969 1942 ἑορτῆς.
1022 1880 1134 1927 Τότε
1165 1882 1254 1943 γαρ
1285 1886 1413 1941 φιλεῖ
1440 1884 1603 1929 ἀνθεῖν
1633 1888 1684 1931 ἒν

253 1964 305 2022 τῆ
334 1960 508 2005 [ουδι
474 1977 535 2016 ια
567 1978 592 2014 η
625 1955 841 2017 τ’ἱιιπελος.
912 1961 1006 2003 Καὶ
1040 1961 1174 2015 ,,εἲ4)
1206 1954 1416 2015 ἤνθησαν
1445 1964 1494 2005 αἱ
1524 1965 1680 2022 ροαὶ,“

255 2042 320 2084 ὠν
353 2037 375 2082 ὁ
408 2035 580 2095 καρπὸς
610 2036 751 2087 πολύς
786 2040 863 2081 καὶ
902 2036 1023 2088 ταξει
1062 2041 1438 2098 περιειλημμένος
1478 2039 1568 2085 ὑπὸ
1599 2047 1679 2087 τοῦ
1730 2045 1734 2084 ,ἶ

252 2121 431 2172 λέπους,
465 2118 500 2174 ᾧ
531 2114 761 2175 ὡμοίωται
792 2114 841 2160 τὸ
871 2119 1023 2175 μῆλον
1052 2119 1128 2172 τῆς
1157 2114 1356 2175 νύμφης.
1424 2116 1679 2176 ,,Ἐκεῖ5)“
1731 2130 1734 2139 ’

253 2196 319 2252 δὲ,
353 2197 489 2255 φησὶ,
523 2191 689 2251 ,,δώσω
723 2208 795 2238 σοι
825 2194 929 2244 τοὺς
955 2192 1158 2252 μαστούς
1186 2196 1332 2253 μου,“

250 2271 552 2333 ἡγεμονικόν*
583 2273 675 2317 ἀλλ’
711 2271 908 2331 ἠγνόησε
923 2273 991 2328 6),
1035 2275 1201 2332 φησὶν,
1234 2272 1261 2330 ἡ
1293 2271 1418 2332 ψυχή
1448 2288 1567 2334 μου·
1600 2279 1678 2320 καὶ
1732 2279 1734 2327 ἶ

249 2351 332 2409 τὴν
371 2349 620 2409 ὑπόσχεσιν
659 2353 896 2409 ἔψευσται,
938 2350 1003 2411 μὴ
1045 2352 1277 2410 δυναμένη
1317 2352 1395 2411 ἀφ’
1438 2354 1596 2411 ἑαυτῆς
1634 2374 1676 2400 τι
1733 2363 1734 2368 ’

247 2435 414 2475 ποιεῖν.
481 2428 591 2472 Ἀλλ’
635 2428 687 2473 οὐ
727 2432 1031 2488 κατελείφθην
1049 2430 1090 2487 ⁷)
1139 2431 1191 2475 ἐν
1239 2429 1426 2483 τούτοις.
1496 2431 1544 2477 Ὁ
1582 2432 1673 2495 γὰρ

365 2611 409 2663 ¹)
438 2609 598 2653 Cantic.
627 2611 698 2661 VI,
733 2610 798 2655 10.
870 2612 912 2669 2)
944 2611 1097 2654 Psalm.
1130 2613 1324 2665 CXXIV,
1353 2614 1391 2657 4.
1423 2615 1669 2675 (CXXHI.)

362 2681 405 2737 3)
438 2681 597 2723 Cantic.
627 2683 701 2732 VI,
732 2682 796 2726 10.
916 2677 958 2738 ⁴²)
992 2684 1076 2726 Cfr.
1110 2684 1268 2726 Cantic.
1301 2686 1374 2736 VI,
1406 2685 1471 2730 10

364 2752 405 2808 ⁵)
439 2751 595 2794 Cantic.
625 2753 697 2802 VI,
731 2753 794 2797 11.
915 2755 962 2811 ⁶)
992 2754 1150 2796 Cantic.
1182 2756 1255 2805 VI,
1287 2755 1354 2799 11-

363 2822 405 2879 ⁷)
435 2822 515 2865 Ed.
546 2823 701 2866 Ruaei:
734 2828 1009 2883 κατελείφθη
1040 2826 1089 2869 ἐκ
1118 2823 1306 2875 τούτοις.

1362 2200 1560 2241 τουτέστι
1572 2230 1585 2254 ,
1626 2198 1677 2243 τὸ
1732 2199 1734 2240 ἑ

1732 2302 1734 2320 ι

1731 2373 1734 2402 Ι

1728 2415 1734 2467 3

1731 2471 1734 2503 Ι

1729 2579 1734 2672 Ῑ
