1734 3112
241 100 323 146 182
672 98 892 140 ORIGENJS
923 110 969 139 m
1000 97 1241 138 szssmmm

245 215 323 257 ἐπὶ
352 214 413 270 τῷ
454 210 783 266 αἰσθάνεσθαι,
833 212 856 254 ὀ
896 208 959 265 μὴ
1000 205 1339 260 αἰσθανόμενος
1380 205 1470 252 ἀπὸ
1512 206 1672 254 πόνων

249 290 369 348 αὐτῷ
415 293 833 348 προσφερομένων,
889 285 1135 346 εὐχόμενος
1181 288 1360 342 μᾶλλον
1417 290 1580 331 πονεῖν
1638 289 1678 331 εἰ

246 365 529 428 προσάγοιτο
560 367 613 411 τὰ
646 368 861 421 ἐπίπονα,
883 390 935 398 -
958 365 1058 409 ἐπεὶ
1089 361 1280 422 σημεῖόν
1310 363 1404 407 ἐστι
1432 366 1564 407 τοῦτο
1595 365 1676 407 τοῦ

250 449 326 508 ζῇν
355 444 509 501 αὐτὸν,
528 470 580 477 -—-
606 442 908 501 εἷηὸιζόμενος
937 443 986 486 δὲ
1019 443 1095 486 ἐπὶ
1123 443 1186 497 τῷ
1206 439 1246 497 ¹)
1275 440 1338 497 μὴ
1370 437 1680 486 αἰσθάνεσθαι,
1724 434 1726 437 ’

250 525 328 570 ἐπὶ
354 529 447 574 τοῖς
476 521 727 572 ἐπιπόνοις.
779 519 956 579 εὨσπερ
996 517 1052 575 δὴ
1095 522 1228 563 τοῦτο
1258 524 1432 575 γίνεται
1471 520 1550 562 ἐπὶ
1587 521 1680 563 τῶν

252 600 502 661 σωμάτων,
537 598 654 645 οὕτω
686 602 855 655 νομίζω
888 599 939 643 ἐν
968 601 1056 655 τῷ·
1090 594 1471 654 ,,θελήσωσιν2),
1505 599 1543 641 εἰ
1574 596 1680 652 ἐγέ-

255 697 388 726 νοντο
419 683 746 739 πυρίκαυστοι·
768 678 797 700 “
827 674 1038 721 τοιοῦτόν
1066 692 1109 720 τι
1140 676 1418 730 δηλοῦσθαι·
1453 669 1567 731 οἷον,
1599 678 1681 720 τοῦ

253 758 397 815 πυρὸς
426 758 812 815 προσφερομένου
855 757 966 810 τινὶ,
1007 755 1083 798 καὶ
1123 752 1187 808 μὴ
1227 755 1571 812 αἰσθανομένου
1601 755 1720 812 ‘tofi-¹

255 839 518 894 καιομένου,
551 831 809 888 θελήσωσιν
831 834 996 878 ἐκεῖνοι
1020 828 1411 888 καταλαβόντες3)
1442 828 1684 891 σύγκρισιν

253 914 317 973 μὴ
349 916 701 967 αἰσθανομένων
732 911 809 954 ἐπὶ
837 916 935 960 ταῖς
963 906 1188 967 ἀλγηδόσι
1212 911 1290 952 καὶ
1311 911 1682 966 αῖσθανομένων,

253 996 433 1050 μᾶλλον
461 988 771 1036 αἰσθάνεσθαι
801 990 878 1033 ἐπὶ
907 991 970 1046 τῷ
1007 990 1142 1046 πυρὶ,
1188 984 1217 1041 ἦ
1247 985 1312 1045 μὴ
1345 984 1680 1044 αἰσθάνεσθαι-,-

255 1074 334 1115 καὶ
378 1066 555 1121 εὔξαιτο
600 1065 659 1113 ἄν
697 1085 785 1124 τις,
831 1066 1250 1126 προσαγομένου4)
1297 1067 1377 1110 τοῦ
1416 1068 1686 1124 κεκριμένου

254 1147 399 1207 πυρὸς
429 1148 505 1192 ἐπὶ
533 1145 638 1196 τούς
663 1143 977 1204 ἁμαρτωλοὺς,
1011 1140 1324 1188 αἰσθάνεσθαι
1350 1145 1534 1201 μᾶλλον
1562 1140 1590 1198 ἢ
1619 1141 1686 1201 μὴ
1716 1147 1717 1151 ’

258 1223 583 1271 αἰσθάνεσθαι.
649 1225 804 1267 Ταῦτα
836 1221 913 1267 διὰ
945 1219 1020 1267 τό·
1052 1220 1473 1279 ,,ἔμαστίγωσας5)
1506 1219 1685 1277 αὐτοὺς,

259 1307 337 1348 καὶ
371 1302 452 1349 οὐκ
482 1300 742 1358 ἐπόνησαν·
776 1303 1066 1350 συνετέλεσας
1098 1297 1277 1354 αὐτοὺς,
1307 1297 1489 1342 καὶούκ
1517 1297 1690 1355 ἠθέλη-
1716 1329 1717 1334 =

260 1396 348 1427 σαν
378 1382 599 1431 δέξασθαι
626 1379 896 1424 παιδέίαν.“
946 1375 1047 1423 Ὅτε
1061 1377 1105 1434 6>
1134 1374 1190 1421 τοὶ
1220 1373 1474 1436 καθαρτικὰ
1504 1381 1633 1421 ποιεῖ
1661 1374 1686 1421 ό

259 1462 476 1520 προνοῶν
515 1460 607 1503 τῶν
644 1455 763 1502 ὅλων
800 1454 909 1506 θεὸς
956 1456 1034 1500 ἐπὶ
1071 1456 1221 1513 ψυχῆς
1267 1457 1488 1512 σωτηρίᾳ,
1530 1451 1628 1500 τότε
1647 1454 1691 1512 ⁷)

263 1537 406 1595 αὐτὴν
435 1539 705 1583 συνετέλεσε.
765 1532 961 1591 Νοήσεις
991 1534 1059 1579 δέ·
1095 1531 1477 1589 ,,συνετε’λεσας8)
1510 1530 1688 1589 αὐτοῦς,

263 1665 425 1721 textu):
470 1662 527 1714 ὥς
557 1667 871 1721 περιλυπεῖται
900 1664 1082 1720 μᾶλλον
1112 1685 1163 1693 -
1196 1664 1324 1720 εἴπερ
1353 1660 1431 1705 ἐπὶ
1461 1660 1567 1716 τῷςί
1597 1663 1692 1710 κτλ,

224 1754 229 1759 -
263 1749 316 1755 --
348 1722 404 1764 H.
435 1723 487 1764 ad
516 1723 770 1776 marginem:
805 1721 947 1773 „Cod.
979 1718 1228 1761 Vaticanus:
1260 1717 1456 1778 ὡσπερεὶ
1485 1719 1694 1763 λυπεῖται

261 1782 442 1838 μᾶλλον
472 1804 524 1812 -
556 1774 671 1837 ἥπερ
703 1780 780 1823 ἐπὶ
808 1779 913 1834 τῷίζ
944 1779 1039 1821 κτλ.

381 1850 422 1907 ¹)
452 1851 503 1893 R.
532 1849 577 1891 in
613 1848 749 1891 notis:
810 1848 954 1898 „Cod.
996 1847 1176 1890 scorial.
1218 1847 1392 1904 (itemq.
1434 1845 1529 1888 edd.
1560 1844 1615 1887 H.
1647 1843 1693 1887 in

260 1907 419 1965 textu):
450 1908 582 1951 τοῦ.“
616 1932 668 1938 --
699 1906 753 1948 Η.
779 1906 832 1947 ad
860 1904 1112 1958 marginem:
1144 1904 1282 1955 „Cod.
1302 1903 1548 1946 Vaticanus:
1582 1903 1695 1960 τῷ.“

377 1979 422 2037 2)
453 1978 507 2021 H.
538 1979 592 2020 ad
620 1993 766 2030 marg„
793 1976 845 2018 R.
875 1974 920 2017 in
948 1974 1081 2017 notis:
1113 1974 1250 2025 „Cod.
1274 1973 1521 2017 Vaticanus:
1550 1969 1694 2028 θελή-

261 2037 472 2083 σουσιν.“

379 2105 424 2165 3)
455 2107 510 2149 H.
541 2107 594 2148 ad
619 2121 761 2160 marg„
791 2105 842 2147 R.
872 2103 917 2146 in
946 2102 1078 2145 notis:
1111 2102 1247 2154 „Cod.
1269 2101 1517 2145 Vaticanus:
1549 2118 1694 2147 κατα-

261 2163 475 2222 λαβόντα.
491 2164 523 2188 “

378 2237 422 2295 4)
450 2237 504 2279 R.
533 2235 578 2277 in
618 2234 753 2277 notis:
812 2232 958 2286 „Cod.
989 2231 1168 2275 scorial.
1209 2231 1381 2290 (itemq.
1421 2232 1516 2274 edd.
1557 2231 1611 2273 H.
1651 2230 1696 2273 in

265 2295 424 2350 textu):
454 2296 813 2351 προσαγομένου
835 2290 1048 2334 κάκείνου
1068 2292 1148 2333 τοῦ
1172 2292 1579 2348 συγκεκρυμμένου
1602 2306 1695 2333 πυ-

267 2354 342 2412 ρὸς
373 2354 450 2397 ἐπὶ
477 2348 623 2400 ‘tofis‘
656 2352 748 2394 κτλ.
783 2372 833 2380 -
876 2347 929 2389 H.
961 2347 1015 2388 ad
1050 2346 1301 2400 marginem:
1351 2347 1496 2398 „Cod.
1527 2345 1694 2388 Vatica-

266 2427 362 2453 nus:
394 2411 753 2465 προσαγομένου
781 2408 860 2450 τοῦ
893 2408 1163 2464 κεκριμένου
1186 2403 1328 2462 πυρὸς
1348 2405 1426 2448 ἐπὶ
1443 2402 1691 2453 τούςςίκτλ.

385 2480 427 2536 ⁵)
456 2479 612 2521 Jerem.
642 2477 695 2528 V,
725 2476 764 2521 3.

384 2550 426 2607 6)
454 2549 506 2591 R.
534 2548 578 2589 in
616 2547 751 2589 notis:
813 2546 957 2599 „Cod.
995 2546 1175 2591 Scorial.
1213 2547 1385 2605 (itemq.
1419 2545 1514 2587 edd.
1552 2545 1608 2587 H.
1646 2543 1720 2586 in-

266 2607 427 2664 textu):
467 2604 540 2650 ὅτε
569 2605 863 2663 καθαρτικὰ“
895 2607 987 2648 κτλ.
1022 2631 1074 2638 -
1105 2606 1159 2647 Η.
1192 2606 1244 2647 ad
1272 2602 1523 2657 marginem:
1557 2601 1690 2653 „Cod.
1712 2604 1722 2637 s

267 2666 510 2709 Vaticanus:
543 2659 616 2707 ὅτε
645 2660 698 2705 τὰ
731 2659 1028 2721 καθαρτικά“
1058 2665 1151 2706 κτλ.

388 2736 430 2788 ⁷)
463 2734 516 2776 H.
549 2734 602 2775 ad
627 2748 777 2785 marg„
821 2733 872 2774 R.
903 2732 947 2774 in
976 2732 1108 2776 notis:
1161 2732 1305 2784 „Cod.
1336 2730 1583 2775 Vaticanus:
1640 2726 1689 2774 τὸ

270 2793 337 2838 ἐπ’
373 2793 492 2848 αὐτῷ
525 2791 827 2836 συνετέλεσε.“

384 2862 429 2920 ⁸)
457 2861 614 2905 Jerem.
641 2860 694 2912 V,
722 2858 761 2903 3.
