1734 3112
592 120 794 162 HOMILIA
822 118 917 159 VII.
1387 116 1465 161 191

48 236 178 296 ἡμεῖς
203 235 253 280 δὲ
277 235 327 279 ἓν
352 231 565 290 ἀλλοτρίᾳ
593 235 651 292 γῇ
681 230 762 275 τὸν
793 229 1031 289 ἀλλότριον
1060 230 1137 281 τῆς
1161 230 1243 285 γῆς
1266 243 1472 284 προσκυ-

50 318 223 370 νοῦμεν
249 309 383 365 θεὸν,
425 308 664 366 ἀλλότριον
700 311 794 351 τῶν
832 308 908 351 ἐπὶ
937 308 1013 361 τῆς
1042 308 1124 363 γῆς
1160 303 1469 362 πραγμάτων·

53 390 181 450 ἄρχει
210 390 297 449 μὲν
324 385 415 446 γὰρ
448 383 470 429 ὁ
504 381 662 445 ἅρχων
691 387 772 428 τοῦ
805 387 970 433 αῗῶνος
997 381 1158 427 τούτου
1189 379 1376 439 ἐνθάδε,
1398 386 1475 426 καὶ

49 466 281 527 ἀλλότριος
308 467 399 509 τῶν
427 466 541 507 υἱῶν
571 461 708 507 αὐτοῦ
741 463 864 506 ἐστιν
904 459 926 506 ὃ
959 460 1078 511 θεός.
1135 459 1392 518 Ἀλλότριον
1423 462 1473 505 δὲ

54 542 113 589 ἂν
143 543 335 599 εἶ’πωὶ),
380 540 432 585 οὐ
466 543 597 585 τοῦτο
637 543 775 596 λέγω,
820 539 870 583 οὐ
909 543 1125 582 κτίσαντα
1164 536 1244 582 τὸν
1276 536 1470 596 κόσμον,

51 619 164 665 ἀλλά
200 618 437 677 ἀλλότριον
466 620 545 662 τοῦ
576 621 734 675 κυρίου
771 619 847 672 τῆς
885 621 1065 670 κακίας,
1106 614 1347 674 ἀλλότριον
1385 617 1475 659 τῶν

50 694 293 755 παρόντων
323 691 678 754 ἁμαρτημάτων.
738 699 836 737 Καί
862 699 936 739 τοί
961 710 1014 750 γε
1052 695 1130 737 καὶ
1158 696 1367 743 θέλοντες
1395 693 1475 737 τὸν

49 772 287 835 ἀλλότριον
329 776 420 818 τῶν
473 775 549 829 τῆς
597 770 820 831 ἁμαρτίας
867 767 1153 829 πραγμάτων
1198 773 1476 830 προσκυνεῖν

50 851 163 898 θεὸν
192 852 243 897 ἓν
269 854 320 913 τῇ
351 853 409 913 γῇ
441 847 578 912 ταύτῃ
609 852 687 905 τῆς
715 846 979 907 κακώσεως,
1021 853 1068 892 τί
1104 850 1331 905 ποιοῦμεν
1361 849 1475 892 ἴδω-

50 945 159 987 μενω
213 927 277 972 Οὐ
308 930 526 984 λέγομεν’
577 927 775 983 ,,πῶς2)
821 922 996 984 ᾄσομεν
1035 923 1116 980 τὴν
1156 922 1280 982 ᾠδὴν
1318 930 1476 985 κυρίου

50 1007 129 1052 ἐπὶ
165 1008 248 1063 γῆς
286 1004 594 1064 ἀλλοτριίις;“
650 1001 840 1059 Ἀλλά3)
879 1006 976 1052 πῶς
1014 998 1190 1059 ᾄσομεν
1230 1000 1313 1054 τὴν
1352 1000 1477 1058 ᾠδὴν

48 1088 207 1141 κυρίου
238 1082 320 1128 οὐκ
352 1083 428 1127 ἐπὶ
456 1085 538 1139 γῆς
570 1082 831 1138 ἀλλοτρίας,·
882 1078 1057 1125 Τούτου
1076 1082 1118 1137 4)
1149 1078 1293 1124 τόπον
1322 1080 1478 1135 ζητοῦ-

13 1194 15 1197 -
51 1178 140 1221 μεν
167 1163 245 1206 τοῦ
278 1157 408 1218 ᾄδειν
436 1159 518 1216 τὴν
550 1158 674 1217 ᾠδὴν
705 1163 885 1216 κυρίου,
917 1157 1064 1203 τόπον
1093 1160 1172 1202 τοῦ
1201 1162 1478 1215 προσκυνεῖν

52 1237 212 1297 κύριον
251 1236 331 1283 τὸν
362 1237 476 1282 θεὸν
517 1235 649 1295 ἡμῶν
689 1237 766 1281 ἐπὶ
795 1239 879 1293 γῆς
918 1235 1222 1294 &Nomius-⁵).
1289 1239 1367 1284 Τίς
1396 1225 1479 1278 οὖν

54 1314 78 1361 ὁ
109 1314 272 1370 τόπος,·
332 1307 488 1375 Εὗρον
517 1317 700 1359 τοῦτον·
743 1307 884 1367 ἦλθεν
914 1314 991 1357 ἐπὶ
1020 1312 1186 1368 ταύτην
1215 1315 1304 1370 γῆν
1333 1313 1478 1370 φορέ-

53 1407 135 1443 σας
164 1396 298 1451 σῶμα
327 1390 378 1436 τὸ
409 1395 578 1448 σῶσαν,
612 1390 855 1447 ἀντιλαβὼν
888 1389 936 1435 τὸ
974 1394 1106 1450 σῶμα
1136 1388 1184 1434 τὸ
1214 1393 1290 1445 τῆς
1321 1387 1477 1449 ἀμαρ-

53 1477 149 1521 τίας
180 1473 229 1516 ἐν
260 1466 516 1529 ὁμοιώματι
547 1467 712 1524 σαρκὸς
743 1468 983 1527 ἁμαρτίας,
1013 1467 1067 1512 ἵν’
1103 1468 1153 1511 ἒν
1182 1465 1325 1523 τούτῳ
1354 1469 1416 1524 τῷ
1433 1467 1476 1524 ⁶)

53 1547 180 1607 τόπῳ
211 1546 287 1593 διὰ
328 1546 408 1592 τὸν
438 1545 782 1604 ἐπιδημήσαντα
815 1545 1017 1605 Χριστὸν
1042 1545 1239 1600 Ἰησοῦν,
1284 1548 1360 1588 καὶ
1390 1561 1477 1588 κα-

54 1623 345 1687 ταργήσαντα
375 1624 454 1669 τὸν
476 1621 676 1683 ἄρχοντα
700 1628 778 1670 τοῦ
805 1628 969 1674 αἰῶνος
997 1622 1173 1679 τούτου,
1206 1626 1283 1666 καὶ
1306 1639 1480 1682 καταρ-

53 1701 260 1763 γήσαντα
289 1702 370 1758 τὴν
400 1702 651 1763 ἁμαρτίαν,
693 1705 878 1757 δυνηθῶ
910 1704 1225 1758 προσκυνῆσαι
1254 1699 1334 1744 τὸν
1363 1698 1477 1745 θεὸν

54 1779 246 1837 ἐνθάδε,
279 1783 357 1824 καὶ
385 1779 499 1840 μετὰ
530 1783 660 1825 τοῦτο
691 1778 993 1837 προσκυνήσω
1025 1779 1075 1823 ἓν
1105 1781 1155 1840 τῇ
1186 1781 1243 1839 γῇ
1274 1780 1324 1839 τῇ
1355 1775 1477 1835 ἁγία.

56 1863 116 1903 Εἰ
144 1857 234 1917 γὰρ
264 1857 584 1917 προσκυνήσας
612 1876 677 1908 τις
705 1857 759 1902 τὰ
802 1859 967 1903 εἴδωλα
1003 1857 1052 1900 ἐν
1080 1859 1132 1918 τῇ
1170 1858 1229 1916 γῇ
1268 1859 1318 1916 τῇ
1352 1853 1476 1912 ἁγίᾳ,

57 1935 342 1992 ἀπελήλυθεν
378 1939 440 1986 εἰς
483 1933 565 1991 τὴν
603 1939 692 1993 γῆν
730 1935 812 1991 τὴν
854 1935 1120 1993 ἀλλοτρίαν,
1162 1932 1481 1994 προσκυνήσας

180 2111 219 2168 ¹)
249 2110 301 2152 R.
332 2109 376 2150 in
413 2110 545 2152 notis:
611 2111 754 2162 ‚,Cod.
786 2109 964 2152 Scorial.
1005 2109 1181 2166 (itemq.
1217 2109 1311 2150 edd.
1344 2108 1396 2150 H.
1437 2107 1480 2148 in

60 2168 104 2209 in
140 2168 309 2221 textu):
360 2166 555 2212 εἷπών.“
598 2193 649 2201 —-
692 2167 746 2210 H.
786 2169 839 2209 ad
876 2166 1129 2220 marginem:
1189 2166 1333 2217 ‚,Cod.
1364 2164 1481 2207 Vati-

61 2240 207 2266 canus:
249 2226 413 2268 εἴπω.“

176 2293 220 2349 ²)
249 2293 405 2336 Psalm.
437 2293 701 2346 CXXXVII,
732 2294 770 2337 4.
803 2295 1083 2352 (CXXXVI.)

179 2363 222 2418 3)
251 2364 303 2404 R.
333 2363 374 2405 in
404 2364 538 2407 notis:
599 2397 624 2415 ,,
638 2366 784 2406 verba:
827 2364 941 2409 ἀλλὰ
974 2368 1069 2414 πῶς
1101 2387 1151 2394 -
1184 2363 1265 2408 οὐκ
1296 2364 1372 2406 ἐπὶ
1400 2364 1484 2419 γῆς

65 2421 312 2474 ἀλλοτρίας,
343 2420 387 2461 in
407 2421 513 2463 Cod.
535 2422 712 2464 Scorial.
729 2422 894 2479 (itemq.
914 2422 957 2463 in
977 2433 1093 2463 textu
1112 2422 1206 2464 edd.
1222 2420 1300 2476 Η.)
1317 2419 1482 2472 omissa,

65 2478 172 2522 Cod.
202 2476 337 2521 Vatic.
368 2477 448 2533 (H.
479 2477 593 2519 idem
623 2477 667 2519 in
695 2495 823 2533 marg.
855 2479 1103 2535 attestante)
1132 2477 1355 2519 restituit.“

125 2608 144 2618 ω
181 2549 224 2606 ⁴²)
249 2548 309 2628 gl.
340 2548 391 2589 ad
422 2564 571 2602 marg.‚
606 2549 658 2591 R.
689 2549 733 2591 in
761 2550 894 2592 notis:
931 2548 1252 2601 .‚‚scribendum
1291 2548 1485 2589 videtur:

65 2621 241 2650 τουτον.

184 2676 224 2732 5)
255 2675 309 2717 H.
339 2676 391 2716 ad
420 2673 669 2727 marginem:
731 2675 1023 2725 ‚,Ghislerius:
1070 2676 1152 2719 οὐκ
1191 2674 1484 2730 ἀλλοτρίας,“

65 2732 118 2774 R.
147 2731 191 2773 in
220 2730 352 2772 notis:
384 2731 514 2784 „lego
547 2747 644 2772 cum
673 2730 909 2774 Ghislerio:
943 2733 1024 2777 οὐκ
1055 2733 1308 2790 ἀλλοτρίας,
1342 2730 1408 2770 vel
1437 2741 1485 2771 ut

70 2804 212 2846 supra:
257 2788 337 2831 οὐκ
369 2790 446 2832 ἐπὶ
475 2791 557 2845 γῆς
587 2788 874 2845 &dimetas-J·

182 2859 225 2914 ὅ)
256 2857 386 2900 Deest
418 2859 564 2914 ,,τῴ“
596 2856 639 2897 in
672 2857 735 2898 ed.
766 2857 816 2897 R.
