1763 3112
228 101 311 146 472
665 115 722 143 Ex
761 101 971 146 Omanae
1003 104 1202 147 Sssmc‘rA

229 214 308 258 ἐπὶ
336 211 418 259 τὸν
447 210 686 269 διάβολον,
725 210 753 268 ἢ
797 213 878 257 τὸν
908 214 1197 275 ἀντίχριστον
1235 216 1540 275 ἐκλαμβάνειν
1569 217 1651 263 τὸν

228 287 392 348 λόγον·
424 291 475 335 ἐν
504 292 608 350 ἐμοὶ
645 288 735 348 γὰρ
775 290 1058 349 ἀναιρεθήτω
1099 292 1449 352 συντριβόμενος
1488 293 1510 339 6
1549 299 1648 339 Σα-

227 369 367 416 τανᾶς
395 365 486 412 ὑπὸ
517 366 620 418 τοὺς
648 366 797 418 πόδας
833 387 926 426 μου
956 371 1007 414 ἓν
1044 369 1186 427 τάχει.
1249 369 1386 415 Ὅταν
1425 372 1475 415 δὲ
1514 371 1648 432 ἀνέλῃ

226 442 330 494 τοὺς
359 442 443 488 δύο
474 442 679 501 τούτους,
714 448 791 488 καὶ
822 445 924 496 τούς
952 445 1143 506 μεταξὺ,
1177 445 1541 503 ἀποκαταστήσει
1568 448 1650 493 τὸν

222 519 397 577 Ἰσραὴλ
436 523 498 570 εἰς
536 520 618 575 τὴν
662 522 811 579 νομὴν
851 523 1015 568 αὐτοῦ·
1038 526 1076 579 ¹)
1119 522 1189 569 ὅτε
1220 528 1297 568 καὶ
1329 523 1568 584 νεμήσεται
1599 526 1650 569 ἐν

226 599 289 654 τῷ
321 595 567 656 Καρμήλῳ,
601 600 678 641 καὶ
713 603 762 660 τῇ
794 599 980 656 Βασάν,
1018 603 1095 644 καὶ
1126 601 1177 644 ἓν
1208 596 1296 658 ὄρει
1320 601 1539 660 Ἐφραὶμ,
1573 604 1650 645 καὶ

226 675 278 719 ἐν
308 672 508 718 Γαλαάδ.
567 673 810 720 Τοσούτων
841 677 997 722 τόπων
1027 675 1173 722 ὄντων
1204 682 1279 734 τῆς
1305 678 1539 735 Ἰουδαίας,
1572 683 1650 722 καὶ

226 754 303 807 τῆς
329 755 412 810 γῆς
441 755 517 807 τῆς
545 756 987 811 κληρονομουμένης,
1019 758 1161 799 ταῦτα
1190 754 1340 812 μόνον
1370 755 1593 816 ὠνόμασε.

338 833 480 885 ,,Πῶς
494 831 536 887 ²)
585 829 784 887 ἐκλάσθη
833 834 909 875 καὶ
954 838 1189 892 συνετρίβη
1234 832 1259 888 ἦ
1306 836 1463 893 σφῦρα
1501 831 1651 889 πάσης

224 909 300 961 τῆς
336 909 487 964 γῆς;“
535 910 736 967 Σφῦραν
774 907 855 964 τὴν
892 912 1148 964 Βαβυλῶνα
1190 913 1340 966 καλεῖ,
1387 916 1484 961 ταῖς
1513 911 1650 960 ἰδίαις

222 987 504 1036 πλεονεξίαις
518 983 621 1036 τοὺς
636 987 711 1030 ἐπὶ
732 989 814 1044 γῆς
833 991 1194 1043 κατατρίψασαν.
1230 986 1330 1033 Ὅτε
1350 989 1402 1033 δὲ
1422 987 1504 1033 τόν
1518 994 1651 1034 θεῖον

228 1061 346 1107 νεών
376 1061 398 1107 ὁ
429 1062 656 1121 Σολομὼν
686 1061 1039 1119 κατεσκεύασεν,
1088 1064 1139 1108 ἐν
1170 1065 1345 1122 ἐπαίνῳ
1375 1068 1468 1110 τῶν
1500 1071 1649 1109 Βασι-

225 1142 359 1185 λειῶν
387 1138 413 1195 ἡ
446 1144 568 1198 τρίτη
599 1143 758 1198 φησὶν,
792 1139 859 1184 ὅτι
889 1144 1046 1199 σφῦρα
1077 1145 1153 1185 καὶ
1182 1145 1370 1193 πέλεκυς
1400 1143 1484 1188 οὐκ
1507 1140 1650 1198 ἠκού-

224 1222 314 1272 σθη
346 1216 396 1260 ἑν
423 1219 486 1273 τῷ
530 1219 641 1273 οἴκῳ
683 1221 858 1274 κυρίου.
928 1213 1062 1267 Οἶκος
1092 1219 1165 1273 δὲ,
1218 1217 1243 1272 ἦ
1278 1219 1490 1274 ἐκκλησία
1518 1222 1647 1275 θεοῦ,

221 1293 276 1339 ἐν
311 1284 339 1355 ᾗ
374 1292 451 1357 μὴ,
476 1295 551 1338 δεῖ
586 1290 836 1338 ἀκούεσθαι
876 1297 1079 1353 σφῦραν.
1129 1290 1258 1338 ’Ἐστι
1289 1295 1339 1339 δὲ
1369 1298 1524 1353 σφῦρα
1554 1295 1650 1341 πά-

224 1384 304 1427 σης
332 1374 409 1427 τῆς
436 1373 520 1428 γῆς
550 1370 573 1415 ὁ
605 1368 831 1426 διάβολος,
867 1374 944 1415 καὶ
973 1373 1096 1417 ἔστιν
1129 1370 1152 1416 6
1181 1370 1244 1429 μή
1279 1376 1534 1431 φροντίζων
1563 1373 1651 1417 αὐ-

223 1450 310 1504 τῆς,
346 1449 491 1494 οἱονεί
516 1465 581 1498 τις
609 1446 691 1505 ὕλη
722 1452 981 1507 τυπτομένη
1011 1449 1114 1509 παρ’
1151 1448 1309 1506 αὐτῆς,
1352 1452 1430 1494 καὶ
1458 1447 1522 1507 μὴ
1551 1448 1651 1494 πά-

222 1539 412 1583 σχουσα.
488 1523 606 1570 Ἰδοὺ
645 1525 753 1587 γάρ,
787 1530 953 1585 φησὶν,
1002 1525 1116 1585 ἀνὴρ
1148 1524 1341 1581 ἑστηκὼς
1370 1527 1448 1571 ἐπὶ
1477 1531 1652 1585 τείχους

221 1601 554 1659 ἀδαμαντίνου,
587 1605 664 1647 καὶ
694 1604 744 1648 ἒν
773 1607 825 1666 τῇ
848 1607 970 1663 χειρὶ
994 1605 1133 1649 αὐτοῦ
1153 1601 1357 1660 ἀδάμας·
1391 1602 1511 1654 ὅστις
1528 1601 1650 1648 ἀδά-

222 1697 313 1738 μας
342 1679 417 1724 ὑπ’
453 1680 672 1739 οὐδεμιᾶς
701 1687 982 1738 συντρίβεται
1021 1679 1215 1742 σφύρας.
1284 1677 1389 1726 Κᾶν
1426 1678 1650 1742 ἐφεστήκῃ

221 1760 341 1816 γοῦν
372 1757 395 1802 6
428 1755 653 1814 διάβολος,
685 1757 712 1814 ἡ
746 1762 923 1818 σφῦρα,
967 1761 1045 1803 καὶ
1076 1758 1380 1817 ὑποκείμενος
1409 1751 1436 1820 ᾖ
1467 1756 1652 1820 δράκων

223 1831 378 1895 ὥσπερ
410 1830 573 1894 ἶίκμων
603 1834 841 1892 ἀνήλατος,
874 1836 1012 1881 οὐδὲν
1041 1835 1064 1881 6
1097 1838 1148 1881 ἓν
1177 1840 1227 1898 τῇ
1250 1838 1371 1896 χειρὶ
1391 1840 1551 1894 κυρίου
1574 1839 1651 1880 καὶ

221 1910 312 1957 ὑπὸ
343 1911 427 1969 τὴν
469 1917 642 1969 σκέπην
682 1912 819 1957 αὐτοῦ
863 1912 1048 1971 ἀδάμας
1086 1919 1304 1959 πείσεται.
1370 1918 1531 1972 Τεῖχος
1557 1911 1649 1971 γὰρ

222 1989 246 2035 6
279 1988 410 2048 ἅγιος
440 1989 780 2048 ἀδαμάντινον,
820 1993 897 2034 καὶ
928 1991 979 2035 ἒν
1001 1994 1124 2049 χειρὶ
1153 1996 1312 2051 κυρίου
1340 1994 1497 2048 μένων
1524 1990 1650 2034 ἀπα-

219 2067 319 2124 θὴς,
352 2065 441 2112 κᾶν
468 2071 608 2127 μέσος
636 2071 792 2129 ληφθῇ
839 2070 916 2124 τῆς
943 2085 989 2113 τε
1019 2066 1200 2127 σφύρας
1230 2070 1307 2112 καὶ
1336 2070 1415 2113 τοῦ
1446 2066 1650 2126 δράκον-

219 2162 307 2196 τος.
359 2143 499 2191 Ὅσον
527 2146 579 2190 δὲ
607 2143 842 2202 τύπτεται,
883 2145 1204 2206 λαμπρότερον
1247 2145 1387 2190 αὐτοῦ
1427 2143 1510 2201 τὴν
1539 2144 1647 2204 ἀρε-

219 2221 302 2279 τὴν
331 2222 653 2269 ὑποδείκνυσι·
687 2221 710 2268 6
740 2221 832 2281 γὰρ
862 2220 1074 2280 διάβολος
1104 2219 1176 2269 οἶά
1209 2241 1273 2274 τις
1299 2227 1445 2268 λίθων
1462 2222 1650 2281 ἀγνοῶν

221 2299 394 2360 φύσιν,
435 2301 511 2346 διὰ
551 2303 737 2346 πολλῶν
776 2298 1007 2358 δοκιμάζει
1046 2304 1238 2360 πληγῶν
1275 2299 1357 2347 τὸν
1399 2297 1500 2346 οἷον
1528 2300 1650 2346 ἀδά-

219 2395 400 2436 μαντα,
446 2381 557 2424 θεοῦ
598 2376 748 2436 μόνου
785 2380 934 2427 καλῶς
970 2375 1054 2432 τῆν
1081 2376 1253 2424 τούτων
1282 2377 1426 2437 φύσιν
1456 2377 1645 2429 εῗδότος.

218 2459 280 2500 Εἰ
307 2459 465 2515 σφῦρα
495 2453 559 2513 μῆ
591 2448 631 2517 ᾗ,
667 2455 748 2501 οὐκ
777 2457 902 2500 ἔσται
932 2453 1131 2514 σάλπιγξ
1161 2455 1319 2513 ἓλατῆ,
1365 2453 1393 2513 ἢ
1424 2455 1538 2501 κατὰ
1569 2455 1649 2501 τὸν

221 2531 369 2591 νόμον
398 2525 456 2590 ἦν
485 2535 771 2592 διεγείρουσα
804 2533 881 2579 ἐπὶ
910 2532 990 2584 τὰς
1018 2531 1181 2594 ἑορτάς
1210 2535 1291 2578 τοῦ
1327 2528 1464 2591 θεοῦ,
1495 2531 1523 2590 ἢ
1552 2551 1648 2579 πα-

340 2716 378 2773 ¹)
407 2716 488 2759 Ed.
517 2715 672 2758 Ruaei:
713 2716 900 2771 ,,αὐτοῦ.
951 2713 1051 2761 Ὅτε
1091 2717 1143 2761 δὲ
1185 2713 1426 2776 νεμήσεται
1456 2742 1537 2774 -,
1571 2717 1648 2759 καὶ

221 2772 271 2816 ἕν
301 2772 500 2828 Γαλαὰδ,
533 2772 794 2817 τοσούτων“
824 2777 916 2818 κτλ.
951 2799 1003 2806 -
1035 2773 1123 2816 Cfr.
1151 2772 1309 2815 Jerem.
1340 2774 1390 2824 L,
1420 2772 1485 2818 19.

338 2841 380 2897 ²)
408 2843 566 2887 Jerem.
596 2845 645 2895 L,
674 2843 741 2889 23.
774 2868 828 2877 —
859 2845 940 2887 Ed.
971 2843 1106 2887 Ruaei
1137 2854 1397 2887 constanter:
1431 2839 1602 2901 σφύρα.
