1734 3112
259 131 311 174 16
557 132 777 175 Omfflzms
807 147 851 176 m
883 133 1063 177 CAN-ric.
1098 135 1397 176 Cmrxconum

255 245 486 287 mationem
516 247 672 288 saeculi
714 246 797 305 jam
828 264 913 289 non
945 264 1022 304 per
1050 248 1270 304 speculum
1291 248 1350 304 ¹),
1390 262 1466 288 nec
1499 246 1540 287 in
1570 246 1682 287 aeni-

255 336 416 377 gmate,
455 325 528 365 sed
559 325 664 367 facie
697 327 748 367 ad
791 327 942 368 faciem
974 327 1210 368 videbimus
1242 326 1472 366 veritatem.
1533 323 1680 365 Simile

258 418 343 444 esse
380 414 485 459 puto
530 414 571 443 et
610 404 741 455 illud,
784 406 898 461 quod
936 404 1139 460 scriptum
1181 416 1260 444 est:
1321 405 1434 455 „sub
1450 403 1490 459 2)
1533 403 1682 442 umbra

255 481 415 521 alarum
451 492 618 522 tuarum
649 482 910 524 exsultabo.“
970 483 1055 524 Sed
1098 495 1138 524 et
1178 482 1219 522 in
1258 482 1528 538 sequentibus
1559 478 1680 538 liujus

255 558 393 600 libelli
423 559 479 601 ita
511 560 613 601 dicit
643 577 817 616 sponsa:
879 561 1119 611 „fraternus
1136 561 1178 616 ³)
1217 576 1334 601 meus
1364 560 1490 610 mihi,
1531 571 1571 600 et
1603 574 1678 612 ego

253 636 320 677 illi
358 637 460 693 ipsi,
502 637 574 694 qui
613 638 746 694 pascit
786 638 895 680 inter
934 639 1049 690 lilia,
1090 640 1225 680 donec
1263 638 1441 694 respiret
1479 638 1589 689 dies,
1639 649 1679 678 et

256 727 530 757 amoveantur
558 717 792 758 umbrae:“
827 717 1008 759 edocens
1038 734 1115 774 per
1137 717 1231 767 hoc,
1264 717 1380 774 quod
1404 716 1545 758 veniet
1574 728 1681 758 tem-

254 810 355 850 pus,
395 811 526 851 quum
557 810 701 836 omnes
739 794 912 836 umbrae
952 796 1305 846 removebuntur,
1345 806 1386 835 et
1415 811 1491 851 per
1520 793 1683 836 miseri—

258 872 444 913 cordiam
473 873 559 914 Dei
588 873 751 929 patebit
782 873 932 914 veritas
962 874 1064 915 sola.
1106 874 1193 916 Sed
1225 884 1265 914 et
1297 874 1413 930 quod
1443 872 1520 913 ait:
1554 884 1622 924 „et
1638 870 1678 928 ⁴)

254 951 414 992 fructus
446 950 532 1009 ejus
565 952 700 993 dulcis
730 952 774 993 in
804 952 994 993 faucibus
1026 951 1192 993 meis:“
1231 952 1346 993 illius
1386 951 1569 993 animam
1597 951 1679 990 hoc

255 1030 382 1070 credo
425 1029 587 1081 dicere,
631 1047 735 1087 quae
778 1030 940 1087 nihi15)
982 1042 1244 1081 emortuum,
1293 1029 1401 1072 nihil
1438 1028 1679 1071 insensibile

252 1105 378 1148 habet
407 1107 448 1148 in
470 1108 662 1150 faucibus
693 1108 790 1160 suis,
825 1120 866 1150 et
894 1108 937 1150 in
967 1109 1088 1149 nullo
1119 1125 1291 1165 prorsus
1322 1107 1468 1150 similis
1489 1118 1550 1148 est
1579 1106 1678 1157 illis,

254 1184 306 1225 de
346 1185 497 1250 quibus
537 1187 714 1229 dicitur:
761 1187 1040 1243 „sepulcrum
1061 1187 1103 1244 6)
1140 1198 1285 1242 patens
1327 1198 1388 1228 est
1427 1198 1568 1241 guttur
1608 1200 1680 1226 eo-

251 1270 389 1305 rum.“
451 1264 706 1321 Quicunque
741 1264 852 1306 enim
874 1267 1001 1306 verba
1030 1266 1178 1306 mortis
1212 1277 1253 1306 et
1282 1264 1474 1307 interitus
1507 1265 1558 1304 de
1589 1262 1679 1304 fau-

254 1341 369 1382 cibus
399 1344 646 1397 proferunt‚
688 1342 879 1399 ipsorum
918 1345 1058 1385 fauces
1088 1344 1281 1400 sepulcra
1312 1343 1525 1385 dicuntur:
1572 1340 1679 1382 sicut

252 1430 348 1459 sunt
386 1435 551 1470 omnes,
594 1420 666 1476 qui
695 1420 764 1460 vel
805 1432 950 1462 contra
980 1438 1122 1463 veram
1151 1423 1281 1464 {idem
1320 1422 1570 1478 loquuntur,
1611 1419 1679 1459 vel

252 1508 399 1537 contra
429 1497 697 1554 disciplinam
729 1498 925 1539 castitatis
966 1511 1007 1540 et
1046 1498 1230 1556 justitiae
1269 1510 1310 1540 et
1339 1499 1575 1540 sobrietatis
1605 1497 1680 1538 ali-

253 1573 355 1629 quid
386 1576 623 1631 proferunt.
685 1576 772 1634 Ipsi
804 1592 902 1630 ergo
936 1589 1053 1628 sunt,
1098 1594 1280 1634 quorum
1317 1578 1457 1618 fauces
1488 1575 1679 1632 sepulcra

250 1664 346 1692 sunt
377 1664 419 1693 et
443 1654 539 1694 loca
558 1654 721 1705 mortis,
752 1656 864 1695 unde
885 1654 1034 1696 mortis
1051 1656 1178 1696 verba
1200 1655 1488 1710 proferuntur.
1536 1654 1679 1694 Justus

250 1740 390 1770 autern
422 1730 544 1772 dicit:
587 1748 751 1788 „quam
768 1733 808 1789 ⁷)
845 1732 984 1773 dulcia
1013 1732 1204 1773 faucibus
1233 1731 1336 1773 meis
1370 1730 1540 1788 eloquia
1567 1735 1678 1771 tua.“

248 1805 305 1848 Et
334 1807 453 1859 alius,
486 1808 559 1865 qui
579 1810 705 1850 verba
722 1809 831 1851 vitae
860 1811 1052 1861 docebat,
1084 1810 1141 1851 ita
1167 1809 1287 1851 dicit:
1320 1826 1394 1860 „os
1412 1809 1453 1866 8)
1485 1820 1677 1850 nostrum

248 1897 366 1941 patet
404 1886 456 1927 ad
486 1903 581 1938 vos,
628 1903 652 1929 o
688 1888 922 1939 Corinthii,
970 1904 1044 1929 cor
1081 1900 1274 1929 nostrum
1313 1887 1533 1929 dilatatum
1574 1891 1676 1927 est.“

249 1962 337 2004 Sed
359 1974 400 2005 et
430 1963 547 2016 alius,
581 1951 652 2021 qui
678 1966 809 2006 verbo
825 1965 910 2006 Dei
926 1966 966 2022 ⁹)
999 1965 1165 2022 aperuit
1196 1981 1241 2006 os
1266 1981 1401 2016 suum,
1433 1962 1676 2020 inquit¹⁹):

252 2057 328 2094 „os
350 2042 361 2067 ¹
381 2042 417 2099 ¹)
453 2059 598 2084 meum
628 2043 796 2100 aperui,
829 2055 870 2084 et
900 2044 1047 2085 attraxi
1078 2044 1316 2100 spiritum.“

365 2121 657 2172 „Int'roducite
679 2123 691 2147 ¹
705 2121 746 2179 ²)
764 2137 832 2163 me
850 2121 892 2162 in
911 2122 1089 2163 domum
1104 2120 1232 2162 vini.“
1254 2122 1443 2178 Sponsae
1462 2118 1529 2176 ¹3)
1550 2118 1676 2159 verba

367 2281 407 2340 ¹)
442 2282 530 2324 Cfr.
562 2283 582 2323 I
605 2282 703 2324 Cor.
734 2283 865 2334 XlII,
899 2283 963 2327 12.
1083 2283 1126 2339 ²)
1158 2283 1312 2325 Psalm.
1343 2282 1479 2332 LVII,
1513 2280 1550 2324 1.

365 2353 407 2408 3)
443 2352 602 2396 Cantic.
634 2354 696 2405 II,
730 2353 795 2397 16.
829 2354 895 2397 17.
1019 2353 1062 2410 ⁴¹)
1094 2353 1254 2395 Cantic.
1286 2353 1354 2403 II,
1384 2351 1423 2395 3.

366 2424 407 2482 ⁵)
437 2424 547 2465 Edd.
571 2424 632 2466 M.
662 2424 794 2474 „nihil
824 2435 1054 2473 mortuum,
1084 2423 1274 2478 nihilque
1304 2421 1572 2463 insensibile“
1590 2432 1666 2461 etc,

364 2495 406 2551 ⁶)
436 2493 592 2535 Psalm.
622 2495 675 2545 V,
706 2494 744 2538 9.
866 2494 906 2551 ⁷)
937 2493 1092 2535 Psalm.
1127 2494 1292 2544 CXIX,
1325 2492 1418 2537 103.
1723 2511 1727 2531 s

362 2565 405 2622 ⁸)
439 2565 480 2605 II
506 2565 604 2607 Cor.
635 2565 715 2616 VI,
749 2564 814 2608 11.
866 2589 911 2598 —-
951 2564 1061 2606 Edd.
1092 2565 1154 2608 M.
1195 2580 1308 2616 „cor
1337 2575 1527 2606 nostrum
1558 2560 1669 2603 dela-
1722 2596 1725 2601 .

245 2634 335 2665 tum
366 2627 467 2664 est.“

363 2693 404 2747 9)
435 2691 569 2732 Deest
599 2692 719 2743 „Dei
735 2698 759 2716 “
789 2691 836 2733 in
867 2693 961 2733 edd.
992 2691 1054 2733 M.

335 2764 404 2821 ¹⁰)
435 2763 568 2804 Deest
595 2761 824 2818 ‚,inquit:“
854 2762 897 2803 in
930 2763 1023 2805 edd.
1056 2763 1117 2804 Μ.

336 2835 404 2890 ¹¹)
435 2833 590 2874 Psalm.
624 2831 783 2883 CXlX,
817 2831 910 2875 131.
1034 2833 1100 2889 ¹²)
1135 2831 1294 2874 Cantic.
1326 2830 1391 2880 II,
1421 2828 1460 2871 4.

336 2905 403 2961 ¹³)
433 2903 671 2959 Procopius
702 2919 750 2943 ex
772 2902 975 2955 Origene:
1007 2900 1331 2960 „Et’oayciyerf‘
1355 2915 1414 2956 με
1447 2900 1508 2946 εἷς
1537 2892 1665 2941 Οἶκῡν
