1763 3112
267 76 351 121 228
693 72 912 114 Ommzms
944 83 987 112 m
1018 70 1255 113 Jnuzmmm

273 191 450 245 γίνεται
480 185 559 228 τοῦ
590 185 702 228 θεοῦ
734 185 839 242 περὶ
868 181 950 237 τὴν
982 180 1133 239 ὀσφῦν
1172 181 1338 237 αὑτοῦ,
1385 182 1408 224 ὀ
1439 182 1694 239 δυνάμενος

271 261 665 322 ἀναγινώσκεινῑ)
704 259 786 303 τὸν
820 258 1042 312 ’Ῑεζεκιὴλ,
1096 261 1172 301 καὶ
1215 258 1333 317 ὁρῶν
1372 258 1453 303 τὸν
1492 259 1602 303 θεὸν
1630 264 1691 315 τῷ

270 341 392 400 λόγῳ
433 342 573 383 οἱονεὶ
613 333 1106 396 σωματοποιοὺμενον,
1153 339 1229 378 καὶ
1266 341 1365 378 τίνα
1403 336 1491 393 μὲν
1521 333 1692 391 τρόπον

271 420 407 464 αὐτοῦ
445 416 497 460 τὰ
540 414 632 458 ἀπὸ
672 419 749 467 τῆς
789 410 962 470 ὀσφύος
999 410 1118 454 κάτω
1159 413 1254 455 ἐστὶ
1295 416 1409 471 πῦρ,
1451 410 1556 456 τάδε
1602 411 1694 454 ἀπὸ

272 499 346 552 τῆς
378 492 550 552 ὀσφύος
580 495 657 535 καὶ
688 487 786 533 ι’ίνω
820 490 943 532 ἐστὶν
973 485 1212 545 ἤλεκτρον,
1246 488 1587 547 ἓρευνησατωῖ)
1618 488 1697 533 τόν

271 572 428 631 λόγον,
463 568 538 614 διὰ
569 573 613 611 τί
641 566 689 610 τὸ
721 563 842 609 κάτω
861 568 940 608 τοῦ
967 568 1080 609 θεοῦ
1110 569 1200 622 πῦρ
1222 567 1313 610 ἐστι
1336 566 1388 610 u}
1409 566 1500 611 ἀπὸ
1525 565 1698 623 ὀσφύος

274 655 351 693 καὶ
381 652 598 706 γενέσεως
628 642 896 701 πράγματα.
953 645 1106 685 Ταῦτα
1138 648 1226 702 πῦρ
1257 646 1366 688 ἐστι.
1417 643 1578 687 Ildum
1610 642 1697 699 γὰρ

274 727 326 770 n>
361 729 409 770 ἐν
438 727 610 780 γενέσει
642 720 792 781 χρῄζει
833 724 911 764 τοῦ
944 726 1198 776 καθαρσίου
1240 725 1319 764 τοῦ
1361 720 1450 765 ἀπὸ
1495 724 1573 764 τοῦ
1605 738 1696 763 nv-

274 803 373 860 ρός·
416 799 565 844 πάντα
603 796 656 841 τὰ
697 799 747 842 ἐν
785 801 981 854 γενέσει,
1018 796 1169 857 χρῄζει
1210 800 1285 850 τῆς
1323 798 1563 846 κολάσεως.
1629 795 1694 838 Tc}

279 883 329 924 δὲ
373 880 580 936 ἀνωτέρω
631 879 705 931 τῆς
761 875 934 932 ὀσφύος
987 873 1321 932 ὑπερβεβηκότα
1369 874 1451 929 τὴν
1501 879 1695 932 γένεσιν,

277 955 416 1000 ταῦτα
452 957 573 999 ἔστιν
617 952 697 1007 ὕλη
729 952 787 1000 ὡς
824 954 873 995 ἐν
902 951 1059 1008 κόσμῳ
1090 950 1400 1009 καταριωτάτη
1431 956 1508 995 καὶ
1536 969 1693 1007 τιμιω-

275 1033 404 1088 τάτη·
437 1035 612 1089 λέγεται
643 1029 732 1089 γὰρ
761 1029 811 1072 τὸ
852 1025 1066 1085 ἤλεκτρον
1100 1033 1275 1086 χρυσοῦ
1321 1026 1437 1073 εἶναι
1472 1033 1697 1086 τιμαλφε-

274 1126 447 1169 στερον.
512 1107 696 1163 ’Emi-³)
745 1100 828 1150 οὖν
875 1107 1215 1164 παραδείγμασι
1251 1110 1416 1165 χρῆται
1460 1104 1481 1159 ἡ
1521 1103 1697 1163 γραφὴ,

276 1191 353 1231 ἵνα
384 1184 543 1243 διδάξῃ
584 1186 669 1227 τοῦ
711 1185 824 1227 θεοῦ
866 1182 914 1226 τὸ
955 1185 1086 1240 σῶμα
1126 1186 1186 1240 τῷ
1228 1183 1434 1239 ἀνωτέρω
1473 1179 1589 1227 εἶναι
1630 1200 1697 1226 τι-

275 1262 513 1319 μιώτερον,
546 1263 622 1303 καὶ
651 1258 700 1304 τὸ
732 1263 864 1317 σῶμα
894 1262 956 1315 τῷ
996 1265 1227 1316 κατωτέρω
1270 1257 1385 1304 εἶναι.
1427 1259 1697 1304 ὑποδεέστε-

276 1356 381 1399 ρον,
423 1339 498 1383 διὰ
539 1343 669 1381 τοῦτο
710 1335 924 1393 εἰσήγαγε
963 1335 1041 1380 τὸν
1081 1336 1193 1381 θεὸν
1231 1339 1279 1381 ἐκ
1317 1338 1458 1394 πυρὸς
1488 1341 1563 1380 καὶ
1593 1338 1694 1391 ἠλέ-

277 1434 411 1475 κτρου
443 1412 762 1470 συνεστηκότα.
821 1416 916 1456 Καὶ
955 1411 1033 1473 ὅτι.
1059 1416 1191 1471 σῶμα
1232 1417 1308 1457 τοῦ
1341 1417 1450 1457 θεοῦ
1482 1417 1560 1456 καὶ
1590 1411 1697 1456 αὐτὸ

277 1496 327 1538 ἓν
357 1497 545 1551 γενέσει,
576 1495 669 1550 πῦρ
701 1493 836 1545 ἐστιν,
870 1491 1056 1539 ἕκαστος
1084 1489 1215 1547 ἡμῶν
1247 1490 1329 1534 οὐκ
1359 1492 1496 1547 ἔσμεν
1526 1489 1574 1534 τὸ
1594 1487 1699 1544 ἤλε-

279 1585 438 1630 κτρον·
471 1568 553 1614 ἐὰν
583 1571 633 1613 δὲ
665 1569 999 1624 ἀναβαίνωμεν,
1033 1571 1109 1611 καὶ
1137 1565 1497 1625 προκόπτωμεν·
1530 1592 1582 1598 --
1614 1570 1699 1610 δυ·-

279 1647 417 1693 νατόν
459 1646 549 1705 γὰρ
586 1648 836 1702 μεταβῆναι
875 1644 967 1689 ἀπὸ
1005 1648 1084 1688 τοῦ
1124 1642 1326 1703 σήμερον
1365 1642 1481 1689 εἶναι
1521 1645 1572 1688 ἓν
1609 1649 1702 1693 τοῖς

278 1729 528 1781 κατωτέρω,
561 1721 674 1767 ὥστε
703 1727 922 1780 γενέσθαι
940 1725 1019 1765 τοῦ
1042 1725 1153 1766 θεοῦ
1171 1726 1304 1778 σῶμα
1322 1721 1372 1766 τὸ
1394 1721 1601 1779 ἀνωτέρω
1617 1736 1626 1746 ·
1647 1747 1698 1754 -

279 1801 496 1860 ἐσόμεθα,
530 1797 767 1854 διαβάντες
796 1798 845 1842 τὸ
877 1802 990 1856 πῦρ,
1030 1796 1245 1858 ἤλεκτρον
1273 1798 1323 1844 τὸ
1353 1803 1458 1860 περὶ
1487 1798 1536 1843 τὸ
1568 1802 1699 1857 σῶμα

276 1881 356 1922 τοῦ
386 1880 498 1922 θεοῦ
529 1874 578 1919 τὸ
609 1873 905 1931 ὑψηλότερον.

395 1954 435 1997 6.
465 1956 618 2008 Κολλᾷ
637 1952 680 2008 ⁴)
712 1943 793 1996 οὖν
821 1954 927 2009 περὶ
946 1950 1028 2007 τὴν
1050 1950 1201 2008 ὀσφὺν
1220 1951 1358 1996 αὐτοῦ
1388 1952 1438 1997 τὸ
1467 1957 1700 2012 περίζωμα

279 2030 330 2076 τὸ
362 2033 536 2075 λινοῦν.
605 2027 700 2085 Ἵνα
739 2034 805 2083 τί,·
840 2027 936 2074 Ἵνα
975 2030 1181 2088 δηλωθῇ,
1231 2027 1299 2072 ὅτι
1345 2029 1368 2073 ὁ
1414 2028 1520 2078 λαός
1558 2031 1698 2073 οἱονεὶ

278 2113 422 2164 σκέπη
452 2109 547 2152 ἐστὶ
576 2109 654 2150 τοῦ
685 2109 822 2151 θεοῦ·
848 2104 963 2166 πρὸς
991 2104 1080 2162 γὰρ
1110 2104 1213 2155 τούς
1237 2110 1543 2163 βουλομένους
1558 2123 1699 2162 κατη-

276 2190 434 2243 γορεῖν
465 2186 543 2229 τοῦ
573 2186 684 2228 θεοῦ
717 2187 894 2227 ἵσταται
943 2181 965 2228 ὁ
1007 2182 1142 2237 λαός,
1184 2185 1261 2225 καὶ
1300 2180 1494 2243 ὡσπερεὶ
1524 2183 1698 2244 ὑπερα-

277 2265 422 2314 σπίζει
451 2260 616 2316 αὐτοῦ,
662 2264 739 2305 καὶ
781 2260 863 2304 οῦκ
904 2260 956 2316 ἐᾷ
995 2278 1036 2304 τι
1075 2256 1248 2303 ἄτοπον
1286 2263 1500 2318 λέγεσθαι
1529 2262 1580 2305 ἐν
1607 2267 1700 2312 τοῖς

277 2342 383 2396 περὶ
411 2340 491 2383 τοῦ
521 2340 650 2383 θεοῦ.
715 2336 861 2382 Ἐπάν
897 2338 949 2382 δὲ
988 2335 1347 2394 ἁμαρτήσωμεν,
1389 2338 1438 2383 τὸ
1467 2342 1697 2398 περίζωμα

397 2547 435 2603 ¹)
465 2547 575 2588 Edd.
608 2547 661 2588 H.
694 2546 1111 2604 ‚,c}vctytvc2502w1¹.“
1143 2573 1194 2580 —
1228 2548 1313 2590 Cfr.
1344 2548 1494 2589 Ezech.
1523 2549 1556 2599 I,
1586 2548 1653 2591 27.

390 2618 433 2674 ²)
463 2617 516 2659 H.
558 2629 599 2657 et
638 2617 689 2658 R.
732 2616 775 2657 in
814 2630 953 2658 textu:
995 2617 1359 2674 ,,ἕρευνήσατσ,“
1398 2619 1450 2661 R.
1480 2617 1692 2659 tamenin

271 2674 402 2716 notis:
433 2673 706 2726 „legendumz
738 2674 1071 2733 ἔρευνησάτω.“

388 2743 429 2800 ³)
464 2743 515 2784 R.
546 2742 590 2783 in
619 2742 751 2784 notis:
781 2744 973 2796 „legebat
1003 2744 1307 2801 Hieronymus:
1339 2749 1386 2786 τί
1413 2737 1540 2790 οὖν.“

388 2812 431 2868 ⁴)
463 2812 550 2854 Cfr.
579 2814 735 2854 Jerem.
765 2813 886 2864 XIII,
919 2815 954 2857 1.
