1763 3112
616 91 814 134 HommA
848 90 969 131 XIX.
1422 92 1506 136 373

84 221 215 255 σῡυσι
246 203 328 261 τὴν
359 201 513 260 ψυχὴν
542 205 621 246 τοῦ
652 199 910 255 ἀκούοντος,
944 203 1020 243 καὶ
1049 203 1257 244 κινοῦσιν
1287 202 1362 244 ἐπὶ
1387 206 1501 247 πέν-

83 292 178 338 θος,
213 284 288 325 καὶ
318 282 394 324 ἐπὶ
423 277 677 336 κλαυθμὸν,
710 281 788 324 καὶ
817 280 893 322 ἐπὶ
924 276 1113 335 δάκρυα,
1148 276 1206 328 ὡς
1224 282 1406 334 χαίρειν
1420 279 1501 324 τὸν

83 363 299 417 λέγοντα,
346 355 418 400 ὅτε
449 357 522 416 ἴδῃ
554 356 602 400 τὸ
635 352 936 414 ἀκροατήριον
964 353 1268 413 τερπόμενον,
1310 358 1387 397 καὶ
1421 373 1500 411 γε-

84 436 233 491 λῶνι)
263 436 339 478 ἐπὶ
368 439 461 482 τοῖς
490 436 768 490 λεγομένοις.
818 430 963 475 ’Όπου
1003 433 1090 488 μὲν
1128 430 1218 490 γὰρ
1259 434 1320 479 εἰς
1349 432 1496 488 ἑπαγ-

81 516 234 570 γελίας
263 506 386 567 ἷίγει,
429 508 486 558 ὠς
527 508 602 552 διὰ
634 513 789 563 στενῆς
818 510 895 551 καὶ
924 511 1224 564 τεθλιμμένης
1253 511 1328 563 τῆς
1358 509 1408 551 ἐν
1437 511 1497 563 τῷ

81 592 324 633 λυπεῖσθαι
355 585 466 630 ὀδοῦ
498 587 573 630 ἐπὶ
614 583 695 639 τὴν
726 583 864 640 ζωὴν,
905 589 981 628 καὶ
1021 584 1097 629 διὰ
1138 589 1217 629 τοῦ
1256 587 1497 642 κλαυθμοῦ

78 662 180 723 ι’ἕγει
210 666 287 709 ἐπὶ
316 662 396 707 τὸν
424 660 792 721 μακαριζόμενον
821 665 1005 718 γέλωτα.
1055 662 1156 712 Ὅτε
1195 663 1245 706 δὲ
1284 661 1335 706 οὐ
1365 664 1496 705 τοῦτο

78 739 227 796 ἀνύει,
270 739 562 798 φοβοῦμαιῖ)
603 738 664 794 μή
708 742 890 786 τοιαῦτα
931 743 1061 805 λέγῃ·
1101 739 1240 794 ,,οὑαὶ
1259 739 1302 795 ³)
1344 741 1388 782 οἱ
1416 755 1497 794 γε-

77 822 238 867 λῶντες
268 820 365 871 νῦν,
401 814 467 860 ὅτι
498 815 760 871 πενθήσετε,
794 820 870 859 καὶ
900 815 1163 860 κλαύσετε.“
1221 816 1344 875 Πρὸς
1374 820 1418 859 τί
1446 817 1501 860 δέ

75 913 157 955 μοι
187 898 318 939 τοῦτο
340 894 382 950 ⁴)
417 897 600 948 εἴρηται,
637 890 662 946 ἢ
691 897 958 949 βουλομένῳ
992 891 1396 949 ὑπαινίξασθαι,5)
1429 891 1496 936 ὅτι

1104 972 1116 993 ‘
1148 974 1224 1013 καὶ
1254 973 1493 1027 παραστῆ-

76 977 218 1031 λέγει·
251 975 431 1029 ,,πικρῷ
451 972 492 1026 ⁶)
523 969 645 1026 λόγῳ
675 987 766 1026 μου
796 969 1097 1028 γελάσομαιὲί

75 1051 209 1105 σαιΊ)
252 1051 426 1106 γέλωτα
464 1051 727 1103 κλαυθμοῦ,
779 1050 856 1090 καὶ
905 1045 1147 1103 κλαυθμὸν
1187 1049 1387 1103 ἐκεῖνον,
1438 1043 1492 1090 ὃν

76 1124 350 1170 κλαύσονται
381 1127 423 1168 οἱ
454 1125 652 1168 ἐνταῦθα
683 1127 922 1182 γελῶντες,
961 1122 1076 1181 τάχα
1107 1127 1186 1167 τοῦ
1217 1127 1328 1168 θεοῦ
1369 1140 1493 1180 πρα-

72 1205 418 1261 γματευομένου
442 1201 716 1259 ἐγγεννῆσαι
734 1202 777 1256 8)
810 1201 962 1250 αὐτοῖς
989 1198 1254 1258 κλαυθμόν;
1283 1200 1492 1256 ,,Ἐκεῖ9)

71 1280 161 1341 γὰρ
191 1282 315 1324 ἔσται
345 1277 368 1323 ὁ
400 1276 656 1334 κλαυθμὸς,
695 1281 772 1321 καὶ
813 1276 835 1321 ὁ
875 1276 1080 1336 βρυγμὸς
1119 1281 1209 1321 τῶν
1240 1275 1493 1321 ὀδόντων.“

72 1361 165 1402 Καὶ
195 1359 325 1401 τοῦτο
356 1353 725 1414 πραγματεύεται
755 1353 777 1398 ὁ
802 1354 920 1410 θεὸς,
954 1353 1074 1412 ὅρων
1092 1356 1158 1412 ¹⁰)
1185 1352 1252 1399 ὅτι
1280 1353 1302 1398 ὁ
1321 1357 1492 1397 κλαίων

74 1434 151 1478 ἐπὶ
182 1439 274 1483 τοῖς
302 1434 436 1481 ἰδίοις
465 1429 810 1491 ἁμαρτήμασιν,
852 1431 874 1475 ὁ
907 1435 1092 1491 θρηνῶν
1129 1434 1206 1475 ἐπὶ
1236 1437 1328 1481 τοῖς
1359 1433 1493 1480 ἰδίοις

71 1507 478 1568 παρανομήμασιν,
513 1503 601 1562 ἤδη
633 1512 693 1558 εἰς
724 1514 1028 1564 συναίσθησιν
1043 1509 1233 1564 ἐλήλυθε
1252 1512 1343 1552 τῶν
1358 1511 1492 1552 ἰδίων

71 1590 242 1631 κακῶν.
319 1584 395 1634 Ὡς
433 1588 528 1629 εἴθε
571 1585 755 1634 ἕκαστος
792 1584 923 1642 ἡμῶν
961 1586 1062 1629 καθ’
1106 1587 1299 1631 ἕκαστον
1336 1584 1491 1643 ἁμάρ-

70 1681 191 1720 τημα
221 1665 371 1720 ἔλεγε·
404 1660 587 1717 »λούσω
610 1663 677 1719 ¹¹)
718 1663 819 1705 καθ’
864 1662 1058 1718 ἑκάστην
1096 1661 1235 1713 νύκτα
1280 1663 1359 1717 τὴν
1389 1666 1492 1706 κλί-

73 1758 157 1797 νην
193 1759 308 1799 μου,
348 1741 399 1784 ἐν
438 1739 637 1796 δάκρυσί
671 1755 764 1796 μου
793 1739 874 1795 τὴν
904 1737 1145 1797 στρωμνήν
1171 1757 1265 1798 μου
1294 1741 1488 1798 βρέξω.“

68 1817 143 1867 Ὡς
172 1822 267 1862 εἴθε
298 1817 482 1866 ἕκαστος
510 1816 643 1872 ἡμῶν
671 1819 826 1875 ἔλεγεν
865 1818 940 1861 ἐπὶ
979 1823 1072 1866 τοῖς
1110 1818 1243 1866 ἰδίοις
1281 1814 1488 1876 ἁμαρτή-

188 2027 227 2083 Ι)
257 2027 312 2081 H.
341 2025 385 2067 in
413 2037 552 2067 textu:
585 2029 798 2084 ,,γε’μον,“
836 2029 889 2069 ad
917 2045 1044 2082 marg.
1075 2045 1196 2070 vero:
1235 2028 1371 2081 „Cod.
1403 2029 1485 2069 Va-

69 2085 252 2137 ticanus?
281 2086 469 2141 γελῶν.“

184 2154 227 2209 ²)
258 2153 312 2195 H.
329 2154 382 2194 ad
397 2152 648 2205 marginem:
681 2153 816 2203 „Cod.
841 2156 1086 2197 Vaticanus:
1120 2154 1171 2199 ού
1205 2156 1483 2212 φοβοῦμαι.“

185 2225 228 2279 3)
257 2223 310 2264 H.
345 2234 386 2263 et
414 2224 464 2263 R.
495 2222 537 2262 in
567 2234 702 2264 textu:
735 2220 877 2274 ,,οἶα,“
907 2226 963 2266 Η.
992 2237 1132 2266 tamen
1153 2225 1205 2265 ad
1229 2223 1481 2275 marginem:

73 2279 276 2332 ‚‚scribe,“
305 2280 356 2321 R.
386 2278 430 2319 in
459 2278 587 2320 notis:
628 2280 772 2333 „legoz
805 2282 946 2325 οὐαί.“
977 2308 1029 2314 -—-
1062 2283 1150 2324 Cfr.
1180 2282 1280 2321 Luc.
1310 2281 1384 2329 VI,
1413 2279 1482 2323 25.

186 2351 228 2406 ⁴)
261 2349 314 2390 H.
343 2349 395 2389 ad
413 2348 661 2401 marginem:
691 2352 837 2401 „deest
859 2351 902 2392 in
927 2353 1032 2394 cod.
1058 2350 1283 2392 Vaticano:
1313 2353 1485 2394 τοῦτο.“

186 2422 228 2477 ⁵)
259 2420 311 2461 H.
339 2419 392 2459 ad
413 2417 665 2470 marginem:
696 2422 831 2472 „Cod.
848 2423 1090 2464 Vaticanus:
1122 2419 1482 2469 ύπαινίξεσθαι.“

185 2491 228 2546 ⁶)
260 2489 416 2532 Jerem.
440 2489 541 2539 XX,
571 2489 611 2532 8.
730 2493 771 2548 ⁷)
801 2492 879 2534 Ed.
912 2494 962 2537 R.
995 2492 1106 2533 sola:
1138 2495 1438 2550 παραστῆναι.

186 2563 230 2616 ε’)
259 2558 439 2601 Huetius
469 2575 714 2614 perperam:
745 2564 1058 2619 ,,ἔγεννῆσαι.“

190 2631 232 2685 ⁹)
264 2629 350 2672 Cfr.
382 2629 532 2671 Matth.
562 2630 680 2680 VIII,
712 2631 777 2674 12.

164 2701 233 2756 ¹⁰)
264 2701 317 2742 H.
355 2701 407 2741 ad
442 2699 692 2752 marginem:
731 2700 865 2753 „Cod.
904 2703 1146 2745 Vaticanus:
1194 2704 1312 2760 ὁρῶν
1352 2702 1414 2746 ὅτι
1458 2702 1480 2746 ὁ

75 2760 245 2802 κλαίων
275 2758 351 2799 ἐπὶ
381 2762 472 2805 τοῖς
502 2759 635 2806 ἰδίοις
665 2757 1069 2817 παραιόίιιήμασιν,
1098 2757 1214 2815 ἤδηίῦ
1249 2763 1337 2808 κτλ.

165 2827 233 2882 Η)
264 2826 417 2868 Psalm.
449 2827 521 2875 VI,
552 2826 591 2870 6.
