1763 3112
205 61 291 105 268
627 56 848 98 Omssnms
876 68 923 98 m
950 53 1190 96 Jnmzmmu

207 175 269 230 τῷ
299 171 441 232 καιρῷ
471 170 547 223 τῆς
576 168 743 225 ἔχθρας
771 167 946 212 ἐκείνου
982 168 1057 220 τῆς
1098 163 1210 208 κατὰ
1240 165 1331 208 τῶν
1360 161 1619 223 ἀνθρώπων

205 251 404 308 παρέστη
433 248 495 304 τῷ
526 247 664 304 πατρὶ
694 243 717 289 ὁ
750 243 896 302 σωτὴρ
926 242 1072 301 ἡμῶν,
1105 245 1183 286 καὶ
1213 240 1379 297 ἐδεήθη
1408 243 1514 298 περὶ
1542 243 1621 296 τῆς

207 325 423 386 ἡμετέρας
453 325 788 380 αἰχμαλωσίας,
833 323 910 364 ἵνα
938 321 1266 378 λυτρωθῶμεν,
1299 320 1375 362 καὶ
1406 319 1623 376 ῥυθῶμεν

208 402 299 448 ἀπὸ
330 404 408 447 τοῦ
439 401 625 457 ἐχθροῦ.
705 400 858 441 Ταῦτα
905 397 993 455 μὲν
1033 395 1055 440 ὁ
1097 394 1245 454 σωτὴρ
1274 392 1301 451 ἢ
1334 394 1357 439 ὁ
1387 393 1624 455 προφήτης

207 483 430 539 εἶρηκέτω.
510 478 605 519 Καὶ
641 474 730 532 γὰρ
773 472 795 518 ὁ
838 472 1077 532 προφήτης
1115 471 1306 517 δύναται
1344 471 1399 516 τὰ
1437 475 1623 516 τοιαῦτα

207 560 458 618 εἰρηκέναι,
491 555 568 596 καὶ
595 551 765 608 ἠῦχθαι
794 551 900 606 περὶ
936 553 1015 594 τοῦ
1047 553 1160 594 λαοῦ
1192 549 1242 594 ἐν
1270 551 1332 606 τῷ
1363 551 1505 609 καιρῷ
1535 551 1626 593 τῶν

208 638 361 679 κακῶν
391 630 552 674 αὐτῶν.

320 710 385 754 12.
411 709 518 752 Ἐπὶ
561 703 734 754 τούτοις
776 708 823 748 τί
863 703 1158 762 ἀποκρίνεται
1202 701 1226 747 ὁ
1266 702 1373 753 θεὸς
1399 702 1514 760 πρὸς
1543 701 1624 747 τόν

206 787 318 832 λαὸν
355 783 436 830 τὸν
474 785 840 841 κατηγορηθέντα
885 778 977 825 ὑπὸ
1017 782 1097 824 τοῦ
1137 777 1406 838 προφήτου,
1455 777 1482 835 ἢ
1531 778 1624 824 ὑπο

208 869 285 910 τοῦ
320 862 547 919 Χριστοῦ;
614 862 707 903 Καὶ
746 860 884 902 ταῦτα
921 859 1041 913 λέγει
1079 855 1193 915 πρὸς
1236 854 1397 902 αὐτόν·
1455 857 1625 914 ,,σίδη-

207 942 340 1002 ροςῑ)
379 939 456 983 καὶ
489 935 782 997 περιβόλαιον
815 937 1020 992 χαλκοῦν
1058 932 1084 988 ἡ
1123 932 1252 991 ἰσχύς
1281 935 1417 979 σου.“
1473 937 1625 989 Σκλη-

206 1019 285 1076 ριὶ,
319 1017 584 1070 ιἰνένδοτος,
631 1014 722 1066 οὐκὶ
752 1013 1056 1069 ἐλαυνομένη,
1093 1007 1191 1056 οἷον
1220 1009 1409 1070 τμητική
1456 1029 1521 1062 τις
1549 1014 1627 1056 καὶ

206 1097 444 1154 διαιροῦσα
486 1090 512 1146 ἡ
560 1089 686 1148 ἰσχύς
738 1104 843 1145 σου,
891 1088 972 1133 οὐκ
1019 1088 1084 1132 ἐπ’
1130 1089 1294 1146 ἀγαθῷ
1336 1081 1447 1134 οὖσα
1483 1086 1625 1147 ἰσχύς.

206 1172 388 1230 ,,Καὶ2)
434 1164 694 1225 θησαυρούς
730 1181 813 1208 σου
861 1168 923 1214 εἷς
963 1165 1204 1222 προνομὴν
1245 1164 1402 1222 δώσω,
1449 1164 1624 1211 α’ντιὲλ-

206 1255 360 1307 λαγμα
398 1245 474 1290 διὰ
515 1242 667 1292 πάσας
704 1239 782 1290 τὰς
821 1239 1043 1299 ἁμαρτίας
1079 1245 1208 1286 σου.“
1279 1249 1418 1294 Τίνας
1446 1251 1626 1299 θησαυ-

207 1325 311 1385 ροὺς
340 1326 431 1368 τῶν
470 1316 828 1381 ἁμαρτανόντων
865 1317 1057 1362 δίδωσιν
1085 1322 1147 1368 εἲς
1177 1321 1419 1377 προνομὴν
1450 1319 1473 1364 ὁ
1503 1318 1623 1376 θεὸς,

206 1407 282 1449 καὶ
327 1403 518 1447 δίδωσιν
549 1395 713 1446 αὐτοὺς
742 1393 1041 1455 ἀντάλλαγμα
1072 1395 1149 1440 διὰ
1181 1395 1331 1446 πάσας
1359 1394 1438 1445 τὰς
1468 1395 1624 1454 ἁμαρ-

206 1486 302 1532 τίας
332 1480 505 1532 αὐτῶν;
554 1471 761 1535 Πότερόν
790 1490 901 1519 ποτε
940 1474 1044 1524 τοὺς
1073 1473 1151 1518 ἐπὶ
1178 1476 1262 1531 γῆς
1290 1476 1626 1532 θησαυριζομέ-

207 1576 312 1608 νους
360 1556 534 1609 αὐτοῖς,·
598 1550 818 1600 ’Ἐκαστος
864 1547 954 1607 γὰρ
1001 1552 1092 1594 τῶν
1143 1548 1405 1611 ἀνθρώπων
1447 1557 1627 1606 θησαυ-

207 1640 332 1693 ρίζει·
365 1636 404 1678 εἰ
430 1634 519 1690 μὲν
549 1627 724 1688 φαῦλός
755 1629 901 1683 ἐστιν,
944 1627 1024 1671 ἐπὶ
1052 1629 1157 1684 γῆς·
1198 1631 1238 1671 εἰ
1267 1628 1317 1672 δὲ
1348 1627 1542 1683 ἀστεῖος,
1575 1629 1627 1673 ἐν

208 1713 416 1771 οὐρανῷ,
451 1708 510 1758 ὠς
539 1705 853 1764 ἐδιδάχθημεν
892 1703 984 1749 ἀπὸ
1011 1707 1092 1749 τοῦ
1121 1704 1406 1762 εὐαγγελίου.
1457 1702 1523 1748 ”H
1548 1709 1626 1750 λέ·-

206 1807 276 1848 γει
307 1791 368 1844 τῷ
399 1788 492 1842 λαῷ
524 1785 696 1840 ἐκείνῳ,
730 1781 797 1826 ὅτι
824 1785 972 1840 μέλλω
1005 1780 1081 1826 διὰ
1123 1780 1177 1825 τὰ
1208 1779 1513 1839 ἁμαρτήματά
1542 1798 1625 1827 σου

207 1865 307 1915 τούς
345 1859 605 1920 θησαυρούς
644 1875 726 1904 σου
767 1857 949 1902 διδόναι
965 1859 1008 1915 3)
1039 1861 1101 1907 εἷς
1129 1858 1387 1917 προνομήν,
1453 1852 1543 1904 ‘Hy
1573 1860 1625 1904 δὲ

207 1940 269 1993 εἷς
298 1945 388 1986 τῶν
417 1940 663 1998 θησαυρῶν
696 1937 935 1993 Ἱερεμίας·
981 1931 1119 1983 ἄλλος
1154 1936 1386 1995 θησαυρὸς
1411 1936 1623 1986 Ἡσαΐας·

206 2017 436 2077 θησαυρὸς
478 2009 533 2073 ἧν
582 2017 658 2058 καὶ
703 2016 891 2066 ΙνῙωσῆς.
977 2010 1175 2061 Τούτους
1215 2011 1318 2062 τούς
1366 2011 1625 2073 θησαυροὺς

207 2100 367 2154 ἔλαβεν
398 2093 420 2139 ὁ
450 2091 556 2142 θεὸς
587 2091 660 2135 ἀπ’
695 2091 870 2135 ἐκείνου
901 2092 980 2133 τοῦ
1018 2092 1155 2133 λαοῦ·
1197 2093 1274 2133 καὶ
1313 2089 1390 2134 διὰ
1421 2093 1624 2147 Χριστοῦ

208 2173 439 2222 εἴποντος·
471 2167 808 2227 ,,ἆρθήσεται4)
839 2166 916 2226 ἀφ’
950 2166 1082 2224 ὑμῶν
1111 2166 1138 2223 ἡ
1166 2171 1372 2223 βασιλεία
1390 2172 1468 2212 τοῦ
1492 2172 1620 2225 θεοῦ,

207 2255 284 2297 καὶ
325 2246 570 2304 δοθήσεται
606 2247 731 2291 ἔθνει
776 2247 985 2289 ποιοῦντι
1032 2244 1134 2294 τοὺς
1174 2244 1378 2304 καρποὺς
1421 2245 1622 2302 αὐτῆς·“

208 2331 286 2373 καὶ
315 2329 485 2372 ἔδωκεν
512 2322 638 2381 ἡμῖν.
695 2320 873 2379 ,,Δώσω
892 2322 933 2379 ⁵)
967 2313 1048 2366 οὖν
1075 2320 1151 2365 διὰ
1181 2321 1259 2373 τὰς
1288 2323 1511 2383 ἁμαρτίας
1539 2339 1622 2368 σου

209 2404 312 2454 τούς
341 2399 597 2459 θησαυρούς
627 2414 711 2444 σου
740 2402 802 2450 εἰς
829 2396 1124 2458 προνομήν.“
1205 2403 1297 2443 Καὶ
1342 2402 1482 2446 ἔδωκε
1519 2399 1621 2451 τοὺς

329 2654 368 2710 ¹)
398 2653 554 2695 Jerem.
587 2649 680 2699 XV,
712 2648 776 2692 12.
895 2649 937 2706 2)
968 2650 1122 2691 Jerem.
1152 2649 1247 2701 XV,
1278 2648 1343 2693 13.

325 2725 367 2779 3)
398 2722 508 2764 Edd.
541 2719 595 2762 H.
625 2716 836 2775 ,,διδόναι
869 2718 1162 2778 προνομήν.“

323 2794 366 2849 4)
396 2791 546 2833 Matth.
576 2790 695 2841 XXI,
725 2790 791 2834 43.
914 2790 955 2845 ⁵)
987 2789 1072 2832 Cfr.
1102 2790 1257 2831 Jerem.
1288 2790 1380 2841 XV,
1413 2789 1477 2833 13.
