1734 3112
601 86 800 128 HoMmA
844 84 912 124 lv.
1391 83 1473 127 139

48 198 286 243 ἐδικαίωσε
317 195 398 253 τὴν
428 194 585 254 ψυχὴν
615 196 752 253 αὐτῆς
778 194 954 255 Ἰσραὴλ
991 193 1083 239 ἀπὸ
1112 196 1188 250 τῆς
1213 194 1471 241 οἷσυνθέτου

41 273 242 320 Ἰούδα.“
325 273 395 317 Τὰ
440 271 749 332 ἁμαρτήματα
796 276 878 317 τοῦ
914 272 1091 330 Ἰσραὴλ
1132 269 1470 331 συγκρινόμενα

44 358 138 402 τοῖς
172 356 454 410 πταίσμασιν
490 349 668 406 Ἰούδα,
713 351 879 408 γέγονε
922 351 1156 400 δικαίωσις
1206 351 1283 404 τῆς
1324 352 1472 406 ψυχῆς

46 428 221 487 Ἰσραὴλ
251 430 533 486 συναγωγῆς.

153 507 193 551 2.
224 503 470 563 ,,Πορεύου
488 505 554 561 ²),
589 506 667 546 καὶ
693 502 933 561 ἀνάγνωθι
962 503 1067 554 τούς
1094 503 1258 562 λόγους
1286 501 1473 552 τούτους

42 581 156 640 πρὸς
182 583 408 643 βοῤῥᾶν.“
479 584 535 625 El
564 577 771 636 νενόηται
802 579 851 626 τό
882 579 1036 642 ῥητὸν,
1068 582 1255 639 ἴδωμεν,
1287 586 1334 624 τί
1357 578 1472 637 βού-

43 661 165 704 λεται
206 660 257 703 ἕν
289 657 464 709 τούτοις
508 660 777 714 δηλοῦσθαι.
857 661 1027 713 Κλῆσις
1064 660 1154 702 τῶν
1197 659 1349 703 ἐθνῶν
1386 657 1473 718 ἀρ-

0 737 4 752 ’
40 735 130 794 χὴν
167 737 301 794 ἔσχεν
335 737 386 780 ἔκ
424 739 506 780 τοῦ
546 734 918 794 παραπτώματος
946 739 1026 780 τοῦ
1063 734 1265 797 Ἰσραὴλ,
1305 738 1472 793 λέγου-

2 805 6 808 ’
46 827 120 858 σιν
151 816 194 858 οἱ
224 811 472 859 ἀπόστολοι
501 812 771 871 κηρύξαντες
808 818 904 863 ταῖς
941 815 1033 857 τῶν
1059 813 1297 858 Ἰουδαίων
1326 828 1472 858 συνα-

26 896 239 948 γωγαῖς,
289 889 356 936 ὅτι
394 889 607 948 ,,ὑμῖν2>
640 884 699 947 ἦν
727 892 1118 948 ἐξαπεσταλμένος
1159 888 1182 934 ὁ
1221 888 1356 948 λόγος
1396 893 1472 946 τῆς

47 974 289 1027 σωτηρίας·
337 967 494 1023 ἐπειδὴ
532 969 584 1013 δὲ
625 969 838 1020 ἀναξίους
885 973 1059 1028 κρίνετε
1100 967 1301 1024 ἑαυτοὺς,
1352 968 1469 1024 ἴδοι),

47 1044 340 1105 στρεφόμεθα
369 1048 431 1095 εἷς
459 1043 514 1089 τὰ
545 1047 709 1101 ἕθνη.“
762 1048 853 1089 Καὶ
887 1045 911 1090 ὀ
943 1043 1197 1095 ἀπόστολος
1224 1049 1333 1104 περὶ
1360 1044 1471 1090 τού-

46 1141 136 1168 των
163 1122 307 1179 εἰδώς,
341 1120 368 1167 ἃ
402 1120 523 1178 οἶδε,
564 1126 708 1181 λέγει·
747 1126 843 1180 ,,τῷ
862 1123 909 1178 3)
949 1123 1099 1168 αὐτῶν
1136 1121 1473 1183 παραπτώματι

46 1199 74 1256 ἡ
106 1206 301 1262 σωτηρία
337 1207 430 1251 τοῖς
467 1202 673 1257 ἔθνεσιν,
717 1204 778 1250 εἷς
817 1198 866 1245 τὸ
894 1203 1218 1258 παραζηλῶσαι
1259 1199 1472 1251 αὐτούς.“

51 1278 230 1323 Οὐκοῦν
271 1281 319 1322 αἱ
356 1281 522 1322 πολλαὶ
563 1276 781 1337 ἁμαρτίαι
812 1279 989 1322 ἐκείνου
1018 1280 1099 1322 τοῦ
1127 1280 1242 1321 λαοῦ
1272 1275 1473 1334 πεποιή-

49 1371 184 1401 κασιν
219 1354 358 1400 αὐτὸν
396 1357 839 1413 ἐγκαταλειφθῆναι,
872 1357 950 1398 καὶ
978 1353 1100 1412 ἡμᾶς
1127 1352 1255 1410 ἥκειν
1283 1356 1361 1399 ἐπὶ
1390 1353 1473 1411 τὴν

48 1433 214 1483 ἐλπίδα
242 1435 319 1488 τῆς
346 1435 590 1491 σωτηρίας,
628 1430 733 1481 τοὺς
773 1434 928 1482 ξένους
955 1434 1048 1476 τῶν
1087 1433 1338 1488 διαθηκῶν,
1370 1431 1474 1482 τοὺς

50 1509 312 1570 ἀλλοτρίους
342 1511 433 1553 τῶν
462 1508 755 1566 εὐαγγελιῶν.
814 1506 974 1553 Πόθεν
1002 1507 1093 1568 γὰρ
1124 1509 1230 1565 ἐμοὶ
1260 1507 1472 1553 ὁπουπο-

49 1589 160 1631 τοῦν
187 1590 421 1646 γενομένῳ
452 1588 563 1643 ξένῳ
591 1589 668 1641 τῆς
695 1589 942 1644 λεγομένης
960 1583 1093 1643 ἁγίας
1121 1589 1218 1644 γῆς,
1247 1589 1336 1632 νῦν
1367 1590 1475 1646 περὶ

50 1666 143 1708 τῶν
173 1663 453 1722 εὐαγγελίων
491 1665 785 1720 διαλέγεσθαι
828 1667 908 1708 τοῦ
944 1666 1082 1720 θεοῦ,
1124 1666 1202 1706 καὶ
1241 1663 1474 1709 πιστεύειν

51 1745 114 1792 εἷς
140 1740 222 1786 τὸν
253 1741 366 1787 θεὸν
394 1744 487 1786 τῶν
514 1743 821 1801 πατριαρχῶν,
849 1740 1081 1801 Ἀβραὰμ,
1112 1743 1190 1784 καὶ
1215 1739 1367 1784 Ἰσαὰκ
1397 1743 1476 1785 καὶ

49 1817 220 1876 Ἰακώβ,
254 1822 332 1863 καὶ
358 1819 537 1875 Ἰησοῦν
565 1817 770 1878 Χριστὸν
792 1817 888 1864 -τὸν
914 1821 1352 1878 προκεκηρυγμένον
1380 1817 1474 1863 ὑπὸ

52 1899 145 1942 τῶν
170 1900 423 1956 προφητῶν
444 1894 603 1958 χάριτι
618 1898 729 1941 θεοῦ
758 1898 1103 1956 παραδέχεσθαι
1113 1915 1128 1950 ,·
1158 1897 1220 1939 Et
1239 1902 1359 1946 νοεῖς
1372 1895 1478 1947 τοὺς

54 1972 139 2018 δύο
167 1973 354 2024 τούτους
382 1973 543 2033 λαοὺς,
583 1973 665 2018 τὸν
696 1971 787 2018 ἀπὸ
817 1977 896 2019 τοῦ
925 1972 1127 2033 Ἰσραὴλ,
1165 1976 1242 2017 καὶ
1272 1972 1352 2018 τόν
1383 1973 1476 2019 ἀπὸ

7 2106 9 2109 ¹
52 2054 133 2096 τοῦ
157 2050 323 2108 Ἰούδα,
356 2052 434 2097 ἐπὶ
461 2055 540 2097 τοῦ
572 2055 686 2096 λαοῦ
718 2052 895 2097 ἐκείνου
923 2054 1004 2096 τοῦ
1031 2048 1231 2109 Ἰσραὴλ,
1264 2054 1343 2096 καὶ
1371 2055 1480 2113 περὶ

53 2131 231 2175 ἐκείνου
269 2127 363 2176 νόει
398 2146 482 2188 μοι
517 2127 812 2191 γεγράφθαι·
866 2128 1272 2186 »ἐξαπέσταλκαῆ
1320 2128 1477 2186 αὐτὴν,

0 2191 1 2199 ¹
55 2209 134 2251 καὶ
161 2208 308 2252 ἔδωκα
338 2208 448 2270 αὐτῇ
475 2211 654 2264 βιβλίον
677 2207 1012 2252 ἆποστασίου.“
1053 2205 1364 2257 Ἐξαπέστειλε
1387 2205 1480 2267 γὰρ

0 2309 2 2323 =
55 2282 137 2328 τὸν
164 2281 279 2329 λαὸν
307 2285 485 2331 ἐκεῖνον
515 2284 540 2331 ὁ
564 2283 685 2341 θεὸς,
717 2287 795 2329 καὶ
818 2286 989 2330 ἔδωκεν
1005 2283 1126 2341 αὐτῷ
1150 2287 1328 2341 βιβλίον
1354 2283 1480 2329 ἀπο-

2 2372 3 2382 ’
59 2365 264 2406 στασίου.
312 2358 452 2423 Ὅπερ
480 2361 690 2408 τοιοῦτόν
731 2364 855 2408 ἔστιν
892 2362 971 2407 ἐπὶ
1008 2364 1101 2407 τῶν
1128 2359 1480 2420 γεγαμηκότων.

0 2446 4 2488 ἓ
55 2437 166 2483 Ἐὰν
195 2435 470 2498 δυσάρεστος
508 2433 535 2502 ᾖ
564 2440 591 2497 ἡ
621 2439 737 2498 γυνὴ
769 2442 831 2498 τῷ
863 2440 1022 2496 ἀνδρὶ,
1068 2442 1189 2496 λέγει
1217 2439 1243 2484 ὁ
1275 2443 1483 2490 Μωσέως

0 2534 5 2550 ‘¹
61 2517 225 2576 νόμος,
270 2519 448 2573 βιβλίον
485 2516 772 2563 ἀποστασίου
823 2516 916 2563 ἀπὸ
960 2519 1037 2562 τοῦ
1079 2515 1247 2579 ἀνδρὸς
1286 2518 1478 2575 ἐγίνετο,

181 2677 224 2733 ¹)
252 2677 362 2720 Edd.
379 2677 433 2718 H.
451 2688 492 2718 et
507 2677 557 2718 R.
590 2676 831 2733 ,,Πόρευον
848 2669 947 2733 οὖν,
979 2680 1055 2722 καὶ
1077 2676 1353 2734 ἀνάγνωθί(
1386 2681 1478 2722 κτλ.

175 2748 220 2800 .²)
252 2748 340 2789 Csr.
370 2747 463 2788 Act.
494 2747 618 2797 XIII,
647 2747 714 2790 46.
833 2749 876 2803 ³)
908 2749 1034 2790 Rom.
1066 2749 1143 2797 XI,
1177 2747 1241 2791 11.

179 2815 222 2873 ⁴)
254 2817 340 2860 Csr.
371 2818 528 2859 Jcrem.
559 2817 636 2867 III,
664 2817 704 2860 8.
