<?xml version="1.0" encoding="UTF-8"?>
<!DOCTYPE html PUBLIC "-//W3C//DTD XHTML 1.0 Transitional//EN"
    "http://www.w3.org/TR/xhtml1/DTD/xhtml1-transitional.dtd">
<html xmlns="http://www.w3.org/1999/xhtml" xml:lang="en" lang="en">
 <head>
  <title>
</title>
<meta http-equiv="Content-Type" content="text/html;charset=utf-8" />
  <meta name='ocr-system' content='tesseract 3.04.00' />
  <meta name='ocr-capabilities' content='ocr_page ocr_carea ocr_par ocr_line ocrx_word'/>
</head>
<body>
  <div class='ocr_page' id='page_1' title='image "./operaomniaquaegr15orig/operaomniaquaegr15orig_0087.png"; bbox 0 0 1734 3112; ppageno 0'>
   <div class='ocr_carea' id='block_1_1' title="bbox 668 118 1506 168">
    <p class='ocr_par' dir='ltr' id='par_1_1' title="bbox 668 118 1506 168">
     <span class='ocr_line' id='line_1_1' title="bbox 668 118 1506 168; baseline 0.011 -9"><span class='ocrx_word' id='word_1_1' title='bbox 668 118 808 159; x_wconf 63' lang='lat' dir='ltr'>Limia</span> <span class='ocrx_word' id='word_1_2' title='bbox 839 118 909 159; x_wconf 81' lang='lat' dir='ltr'>lv.</span> <span class='ocrx_word' id='word_1_3' title='bbox 1451 123 1506 168; x_wconf 80' lang='lat'>73</span> 
     </span>
    </p>
   </div>
   <div class='ocr_carea' id='block_1_2' title="bbox 33 228 1522 2390">
    <p class='ocr_par' dir='ltr' id='par_1_2' title="bbox 33 228 1522 2390">
     <span class='ocr_line' id='line_1_2' title="bbox 93 228 1506 287; baseline 0.002 -12"><span class='ocrx_word' id='word_1_4' title='bbox 93 233 270 275; x_wconf 86' lang='lat' dir='ltr'>odorem</span> <span class='ocrx_word' id='word_1_5' title='bbox 300 231 438 273; x_wconf 81' lang='lat' dir='ltr'><strong>reddit</strong></span> <span class='ocrx_word' id='word_1_6' title='bbox 478 230 563 270; x_wconf 84' lang='lat' dir='ltr'>sine</span> <span class='ocrx_word' id='word_1_7' title='bbox 603 228 732 270; x_wconf 85' lang='lat' dir='ltr'>dubio</span> <span class='ocrx_word' id='word_1_8' title='bbox 765 228 909 279; x_wconf 86' lang='lat' dir='ltr'>illum,</span> <span class='ocrx_word' id='word_1_9' title='bbox 955 246 1078 287; x_wconf 83' lang='lat' dir='ltr'>quem</span> <span class='ocrx_word' id='word_1_10' title='bbox 1118 229 1279 286; x_wconf 85' lang='lat' dir='ltr'>primus</span> <span class='ocrx_word' id='word_1_11' title='bbox 1313 233 1506 278; x_wconf 83' lang='lat' dir='ltr'>conditor</span> 
     </span>
     <span class='ocr_line' id='line_1_3' title="bbox 94 306 1508 364; baseline 0.003 -13"><span class='ocrx_word' id='word_1_12' title='bbox 94 309 208 351; x_wconf 87' lang='lat' dir='ltr'>Deus</span> <span class='ocrx_word' id='word_1_13' title='bbox 246 306 472 357; x_wconf 78' lang='lat' dir='ltr'><strong>indiderat,</strong></span> <span class='ocrx_word' id='word_1_14' title='bbox 513 308 585 348; x_wconf 91' lang='lat' dir='ltr'>sed</span> <span class='ocrx_word' id='word_1_15' title='bbox 623 307 785 364; x_wconf 85' lang='lat' dir='ltr'>peccati</span> <span class='ocrx_word' id='word_1_16' title='bbox 828 308 951 364; x_wconf 85' lang='lat' dir='ltr'>culpa</span> <span class='ocrx_word' id='word_1_17' title='bbox 989 308 1256 350; x_wconf 80' lang='lat' dir='ltr'>subtraxerat.</span> <span class='ocrx_word' id='word_1_18' title='bbox 1326 310 1508 355; x_wconf 81' lang='lat' dir='ltr'>Possunt</span> 
     </span>
     <span class='ocr_line' id='line_1_4' title="bbox 93 382 1509 437; baseline 0.003 -9"><span class='ocrx_word' id='word_1_19' title='bbox 93 398 231 428; x_wconf 88' lang='lat' dir='ltr'>autem</span> <span class='ocrx_word' id='word_1_20' title='bbox 275 395 315 426; x_wconf 86' lang='lat' dir='ltr'>et</span> <span class='ocrx_word' id='word_1_21' title='bbox 359 382 461 424; x_wconf 77' lang='lat' dir='ltr'>vites</span> <span class='ocrx_word' id='word_1_22' title='bbox 500 384 567 425; x_wconf 78' lang='lat' dir='ltr'>vel</span> <span class='ocrx_word' id='word_1_23' title='bbox 609 384 752 427; x_wconf 79' lang='lat' dir='ltr'>vineae</span> <span class='ocrx_word' id='word_1_24' title='bbox 792 384 971 437; x_wconf 82' lang='lat' dir='ltr'>intelligi</span> <span class='ocrx_word' id='word_1_25' title='bbox 1012 384 1185 426; x_wconf 86' lang='lat' dir='ltr'>virtutes</span> <span class='ocrx_word' id='word_1_26' title='bbox 1225 387 1428 430; x_wconf 85' lang='lat' dir='ltr'>coelestes</span> <span class='ocrx_word' id='word_1_27' title='bbox 1468 402 1509 432; x_wconf 82' lang='lat' dir='ltr'>et</span> 
     </span>
     <span class='ocr_line' id='line_1_5' title="bbox 93 461 1510 518; baseline 0.001 -12"><span class='ocrx_word' id='word_1_28' title='bbox 93 463 322 518; x_wconf 80' lang='lat' dir='ltr'>angelicae,</span> <span class='ocrx_word' id='word_1_29' title='bbox 366 477 471 518; x_wconf 87' lang='lat' dir='ltr'>quae</span> <span class='ocrx_word' id='word_1_30' title='bbox 510 461 749 504; x_wconf 87' lang='lat' dir='ltr'>hominibus</span> <span class='ocrx_word' id='word_1_31' title='bbox 788 462 1020 515; x_wconf 84' lang='lat' dir='ltr'>largiuntur</span> <span class='ocrx_word' id='word_1_32' title='bbox 1059 463 1237 505; x_wconf 83' lang='lat' dir='ltr'>odorem</span> <span class='ocrx_word' id='word_1_33' title='bbox 1275 481 1418 517; x_wconf 87' lang='lat' dir='ltr'>suum,</span> <span class='ocrx_word' id='word_1_34' title='bbox 1465 466 1510 509; x_wconf 87' lang='lat' dir='ltr'>id</span> 
     </span>
     <span class='ocr_line' id='line_1_6' title="bbox 95 538 1511 600; baseline 0.003 -19"><span class='ocrx_word' id='word_1_35' title='bbox 95 554 174 593; x_wconf 82' lang='lat' dir='ltr'>est,</span> <span class='ocrx_word' id='word_1_36' title='bbox 214 538 427 582; x_wconf 81' lang='lat' dir='ltr'>doctrinae</span> <span class='ocrx_word' id='word_1_37' title='bbox 460 550 500 579; x_wconf 85' lang='lat' dir='ltr'>et</span> <span class='ocrx_word' id='word_1_38' title='bbox 528 538 801 581; x_wconf 86' lang='lat' dir='ltr'>institutionis</span> <span class='ocrx_word' id='word_1_39' title='bbox 831 541 1012 589; x_wconf 89' lang='lat' dir='ltr'>bonum,</span> <span class='ocrx_word' id='word_1_40' title='bbox 1053 556 1136 596; x_wconf 90' lang='lat' dir='ltr'>quo</span> <span class='ocrx_word' id='word_1_41' title='bbox 1169 541 1377 584; x_wconf 89' lang='lat' dir='ltr'>instruunt</span> <span class='ocrx_word' id='word_1_42' title='bbox 1398 544 1435 600; x_wconf 88' lang='lat'>¹)</span> <span class='ocrx_word' id='word_1_43' title='bbox 1470 556 1511 585; x_wconf 85' lang='lat' dir='ltr'>et</span> 
     </span>
     <span class='ocr_line' id='line_1_7' title="bbox 92 615 1511 674; baseline 0.002 -13"><span class='ocrx_word' id='word_1_44' title='bbox 92 620 285 661; x_wconf 84' lang='lat' dir='ltr'>imbuunt</span> <span class='ocrx_word' id='word_1_45' title='bbox 315 615 491 667; x_wconf 83' lang='lat' dir='ltr'>animas,</span> <span class='ocrx_word' id='word_1_46' title='bbox 530 617 665 658; x_wconf 90' lang='lat' dir='ltr'>donec</span> <span class='ocrx_word' id='word_1_47' title='bbox 696 618 747 659; x_wconf 83' lang='lat' dir='ltr'>ad</span> <span class='ocrx_word' id='word_1_48' title='bbox 776 617 1084 674; x_wconf 81' lang='lat' dir='ltr'>perfectionem</span> <span class='ocrx_word' id='word_1_49' title='bbox 1118 619 1305 671; x_wconf 76' lang='lat' dir='ltr'>veniant,</span> <span class='ocrx_word' id='word_1_50' title='bbox 1338 633 1379 663; x_wconf 89' lang='lat' dir='ltr'>et</span> <span class='ocrx_word' id='word_1_51' title='bbox 1408 621 1511 664; x_wconf 85' lang='lat' dir='ltr'>inci-</span> 
     </span>
     <span class='ocr_line' id='line_1_8' title="bbox 91 694 1512 755; baseline 0.001 -16"><span class='ocrx_word' id='word_1_52' title='bbox 91 698 208 755; x_wconf 86' lang='lat' dir='ltr'>piant</span> <span class='ocrx_word' id='word_1_53' title='bbox 239 711 407 752; x_wconf 82' lang='lat' dir='ltr'>capaces</span> <span class='ocrx_word' id='word_1_54' title='bbox 438 694 529 735; x_wconf 78' lang='lat' dir='ltr'>fieri</span> <span class='ocrx_word' id='word_1_55' title='bbox 559 695 656 737; x_wconf 84' lang='lat' dir='ltr'>Dei.</span> <span class='ocrx_word' id='word_1_56' title='bbox 718 694 837 737; x_wconf 88' lang='lat' dir='ltr'>Sicut</span> <span class='ocrx_word' id='word_1_57' title='bbox 868 707 908 736; x_wconf 86' lang='lat' dir='ltr'>et</span> <span class='ocrx_word' id='word_1_58' title='bbox 940 697 1172 752; x_wconf 78' lang='lat' dir='ltr'>Apostolus</span> <span class='ocrx_word' id='word_1_59' title='bbox 1210 699 1264 740; x_wconf 87' lang='lat' dir='ltr'>ad</span> <span class='ocrx_word' id='word_1_60' title='bbox 1293 699 1512 742; x_wconf 89' lang='lat' dir='ltr'>Hebraeos</span> 
     </span>
     <span class='ocr_line' id='line_1_9' title="bbox 90 772 1512 833; baseline 0.002 -16"><span class='ocrx_word' id='word_1_61' title='bbox 90 774 287 824; x_wconf 87' lang='lat' dir='ltr'>scribens,</span> <span class='ocrx_word' id='word_1_62' title='bbox 308 772 433 814; x_wconf 82' lang='lat' dir='ltr'>dicit:</span> <span class='ocrx_word' id='word_1_63' title='bbox 466 773 689 829; x_wconf 83' lang='lat' dir='ltr'>‚‚u0nne²)</span> <span class='ocrx_word' id='word_1_64' title='bbox 725 789 869 815; x_wconf 86' lang='lat' dir='ltr'>omnes</span> <span class='ocrx_word' id='word_1_65' title='bbox 899 786 994 814; x_wconf 88' lang='lat' dir='ltr'>sunt</span> <span class='ocrx_word' id='word_1_66' title='bbox 1018 774 1312 818; x_wconf 83' lang='lat' dir='ltr'>ministeriales</span> <span class='ocrx_word' id='word_1_67' title='bbox 1341 777 1512 833; x_wconf 88' lang='lat' dir='ltr'>spiritus</span> 
     </span>
     <span class='ocr_line' id='line_1_10' title="bbox 94 850 1516 912; baseline 0.003 -18"><span class='ocrx_word' id='word_1_68' title='bbox 94 853 136 894; x_wconf 90' lang='lat' dir='ltr'>in</span> <span class='ocrx_word' id='word_1_69' title='bbox 164 850 444 892; x_wconf 86' lang='lat' dir='ltr'>ministerium</span> <span class='ocrx_word' id='word_1_70' title='bbox 463 851 577 892; x_wconf 87' lang='lat' dir='ltr'>missi</span> <span class='ocrx_word' id='word_1_71' title='bbox 607 863 785 908; x_wconf 88' lang='lat' dir='ltr'>propter</span> <span class='ocrx_word' id='word_1_72' title='bbox 803 868 888 902; x_wconf 90' lang='lat' dir='ltr'>eos,</span> <span class='ocrx_word' id='word_1_73' title='bbox 921 850 993 908; x_wconf 81' lang='lat' dir='ltr'>qui</span> <span class='ocrx_word' id='word_1_74' title='bbox 1016 851 1316 895; x_wconf 82' lang='lat' dir='ltr'>haereditatem</span> <span class='ocrx_word' id='word_1_75' title='bbox 1344 856 1516 912; x_wconf 88' lang='lat' dir='ltr'>capiunt</span> 
     </span>
     <span class='ocr_line' id='line_1_11' title="bbox 94 929 1516 988; baseline 0.003 -16"><span class='ocrx_word' id='word_1_76' title='bbox 94 929 297 972; x_wconf 76' lang='lat' dir='ltr'>salutis?“</span> <span class='ocrx_word' id='word_1_77' title='bbox 346 929 400 970; x_wconf 89' lang='lat' dir='ltr'>Et</span> <span class='ocrx_word' id='word_1_78' title='bbox 431 929 528 970; x_wconf 83' lang='lat' dir='ltr'>ideo</span> <span class='ocrx_word' id='word_1_79' title='bbox 561 929 758 970; x_wconf 84' lang='lat' dir='ltr'>dicuntur</span> <span class='ocrx_word' id='word_1_80' title='bbox 789 931 840 970; x_wconf 86' lang='lat' dir='ltr'>ab</span> <span class='ocrx_word' id='word_1_81' title='bbox 870 929 970 986; x_wconf 82' lang='lat' dir='ltr'>ipsis</span> <span class='ocrx_word' id='word_1_82' title='bbox 1001 930 1116 986; x_wconf 87' lang='lat' dir='ltr'>quasi</span> <span class='ocrx_word' id='word_1_83' title='bbox 1146 931 1333 988; x_wconf 87' lang='lat' dir='ltr'>primum</span> <span class='ocrx_word' id='word_1_84' title='bbox 1364 934 1516 976; x_wconf 87' lang='lat' dir='ltr'>florem</span> 
     </span>
     <span class='ocr_line' id='line_1_12' title="bbox 95 1008 1516 1069; baseline 0.002 -19"><span class='ocrx_word' id='word_1_85' title='bbox 95 1021 134 1050; x_wconf 90' lang='lat' dir='ltr'>et</span> <span class='ocrx_word' id='word_1_86' title='bbox 181 1008 357 1049; x_wconf 80' lang='lat' dir='ltr'>odorem</span> <span class='ocrx_word' id='word_1_87' title='bbox 395 1008 609 1048; x_wconf 89' lang='lat' dir='ltr'>honorum</span> <span class='ocrx_word' id='word_1_88' title='bbox 652 1023 830 1063; x_wconf 87' lang='lat' dir='ltr'>operum</span> <span class='ocrx_word' id='word_1_89' title='bbox 875 1024 1022 1064; x_wconf 81' lang='lat' dir='ltr'>capere</span> <span class='ocrx_word' id='word_1_90' title='bbox 1066 1009 1340 1068; x_wconf 81' lang='lat' dir='ltr'>homines-³):</span> <span class='ocrx_word' id='word_1_91' title='bbox 1399 1011 1516 1069; x_wconf 88' lang='lat' dir='ltr'>ipsos</span> 
     </span>
     <span class='ocr_line' id='line_1_13' title="bbox 95 1083 1516 1144; baseline 0.002 -17"><span class='ocrx_word' id='word_1_92' title='bbox 95 1102 192 1128; x_wconf 88' lang='lat' dir='ltr'>vero</span> <span class='ocrx_word' id='word_1_93' title='bbox 213 1086 373 1126; x_wconf 85' lang='lat' dir='ltr'>fructus</span> <span class='ocrx_word' id='word_1_94' title='bbox 404 1083 498 1125; x_wconf 83' lang='lat' dir='ltr'>vitis</span> <span class='ocrx_word' id='word_1_95' title='bbox 529 1086 581 1125; x_wconf 85' lang='lat' dir='ltr'>ab</span> <span class='ocrx_word' id='word_1_96' title='bbox 614 1101 663 1126; x_wconf 93' lang='lat' dir='ltr'>eo</span> <span class='ocrx_word' id='word_1_97' title='bbox 695 1102 874 1142; x_wconf 88' lang='lat' dir='ltr'>sperare,</span> <span class='ocrx_word' id='word_1_98' title='bbox 911 1085 982 1143; x_wconf 88' lang='lat' dir='ltr'>qui</span> <span class='ocrx_word' id='word_1_99' title='bbox 1015 1086 1136 1128; x_wconf 87' lang='lat' dir='ltr'>dixit:</span> <span class='ocrx_word' id='word_1_100' title='bbox 1172 1104 1283 1138; x_wconf 87' lang='lat' dir='ltr'>„non</span> <span class='ocrx_word' id='word_1_101' title='bbox 1300 1088 1341 1144; x_wconf 59' lang='grc'>4)</span> <span class='ocrx_word' id='word_1_102' title='bbox 1372 1088 1516 1130; x_wconf 87' lang='lat' dir='ltr'>bibam</span> 
     </span>
     <span class='ocr_line' id='line_1_14' title="bbox 96 1162 1518 1220; baseline 0.001 -14"><span class='ocrx_word' id='word_1_103' title='bbox 96 1166 147 1206; x_wconf 86' lang='lat' dir='ltr'>de</span> <span class='ocrx_word' id='word_1_104' title='bbox 188 1163 454 1218; x_wconf 82' lang='lat' dir='ltr'>generatione</span> <span class='ocrx_word' id='word_1_105' title='bbox 487 1162 579 1203; x_wconf 80' lang='lat' dir='ltr'>vitis</span> <span class='ocrx_word' id='word_1_106' title='bbox 617 1162 760 1220; x_wconf 81' lang='lat' dir='ltr'>hujus,</span> <span class='ocrx_word' id='word_1_107' title='bbox 802 1165 937 1205; x_wconf 87' lang='lat' dir='ltr'>donec</span> <span class='ocrx_word' id='word_1_108' title='bbox 968 1164 1112 1206; x_wconf 83' lang='lat' dir='ltr'>biham</span> <span class='ocrx_word' id='word_1_109' title='bbox 1156 1165 1264 1207; x_wconf 82' lang='lat' dir='ltr'>illud</span> <span class='ocrx_word' id='word_1_110' title='bbox 1295 1165 1518 1208; x_wconf 87' lang='lat' dir='ltr'>vobiscum</span> 
     </span>
     <span class='ocr_line' id='line_1_15' title="bbox 94 1240 1517 1301; baseline 0.001 -17"><span class='ocrx_word' id='word_1_111' title='bbox 94 1259 252 1284; x_wconf 89' lang='lat' dir='ltr'>novum</span> <span class='ocrx_word' id='word_1_112' title='bbox 283 1242 323 1283; x_wconf 88' lang='lat' dir='ltr'>in</span> <span class='ocrx_word' id='word_1_113' title='bbox 364 1257 490 1295; x_wconf 87' lang='lat' dir='ltr'>regno</span> <span class='ocrx_word' id='word_1_114' title='bbox 531 1240 660 1297; x_wconf 86' lang='lat' dir='ltr'>patris</span> <span class='ocrx_word' id='word_1_115' title='bbox 692 1241 817 1282; x_wconf 88' lang='lat' dir='ltr'>mei.“</span> <span class='ocrx_word' id='word_1_116' title='bbox 878 1243 949 1284; x_wconf 77' lang='lat' dir='ltr'>Illi</span> <span class='ocrx_word' id='word_1_117' title='bbox 980 1259 1077 1296; x_wconf 84' lang='lat' dir='ltr'>ergo</span> <span class='ocrx_word' id='word_1_118' title='bbox 1109 1243 1290 1301; x_wconf 86' lang='lat' dir='ltr'>perfecti</span> <span class='ocrx_word' id='word_1_119' title='bbox 1319 1244 1444 1285; x_wconf 84' lang='lat' dir='ltr'>flores</span> <span class='ocrx_word' id='word_1_120' title='bbox 1476 1256 1517 1285; x_wconf 89' lang='lat' dir='ltr'>et</span> 
     </span>
     <span class='ocr_line' id='line_1_16' title="bbox 95 1318 1518 1376; baseline 0 -14"><span class='ocrx_word' id='word_1_121' title='bbox 95 1322 253 1363; x_wconf 85' lang='lat' dir='ltr'>fructus</span> <span class='ocrx_word' id='word_1_122' title='bbox 283 1321 333 1361; x_wconf 87' lang='lat' dir='ltr'>ab</span> <span class='ocrx_word' id='word_1_123' title='bbox 364 1318 457 1376; x_wconf 89' lang='lat' dir='ltr'>ipso</span> <span class='ocrx_word' id='word_1_124' title='bbox 489 1319 685 1376; x_wconf 88' lang='lat' dir='ltr'>sperandi</span> <span class='ocrx_word' id='word_1_125' title='bbox 712 1331 828 1361; x_wconf 89' lang='lat' dir='ltr'>sunt:</span> <span class='ocrx_word' id='word_1_126' title='bbox 872 1319 991 1362; x_wconf 84' lang='lat' dir='ltr'>initia</span> <span class='ocrx_word' id='word_1_127' title='bbox 1023 1338 1147 1372; x_wconf 79' lang='lat' dir='ltr'>vero,</span> <span class='ocrx_word' id='word_1_128' title='bbox 1189 1333 1250 1371; x_wconf 91' lang='lat' dir='ltr'>et,</span> <span class='ocrx_word' id='word_1_129' title='bbox 1291 1332 1337 1362; x_wconf 90' lang='lat' dir='ltr'>ut</span> <span class='ocrx_word' id='word_1_130' title='bbox 1365 1320 1422 1362; x_wconf 80' lang='lat' dir='ltr'>ita</span> <span class='ocrx_word' id='word_1_131' title='bbox 1455 1320 1518 1362; x_wconf 88' lang='lat' dir='ltr'>di-</span> 
     </span>
     <span class='ocr_line' id='line_1_17' title="bbox 97 1396 1515 1466; baseline -0.001 -25"><span class='ocrx_word' id='word_1_132' title='bbox 97 1415 205 1450; x_wconf 81' lang='lat' dir='ltr'>cam,</span> <span class='ocrx_word' id='word_1_133' title='bbox 249 1396 502 1455; x_wconf 85' lang='lat' dir='ltr'>proficiendi</span> <span class='ocrx_word' id='word_1_134' title='bbox 540 1396 717 1466; x_wconf 68' lang='lat' dir='ltr'>suavitas</span> <span class='ocrx_word' id='word_1_135' title='bbox 759 1409 902 1453; x_wconf 89' lang='lat' dir='ltr'>potest</span> <span class='ocrx_word' id='word_1_136' title='bbox 940 1414 962 1440; x_wconf 86' lang='lat' dir='ltr'>a</span> <span class='ocrx_word' id='word_1_137' title='bbox 1001 1398 1253 1440; x_wconf 86' lang='lat' dir='ltr'>coelestibus</span> <span class='ocrx_word' id='word_1_138' title='bbox 1292 1397 1515 1439; x_wconf 85' lang='lat' dir='ltr'>virtutibus</span> 
     </span>
     <span class='ocr_line' id='line_1_18' title="bbox 96 1474 1518 1532; baseline -0.002 -13"><span class='ocrx_word' id='word_1_139' title='bbox 96 1475 341 1525; x_wconf 84' lang='lat' dir='ltr'>ministrari,</span> <span class='ocrx_word' id='word_1_140' title='bbox 371 1474 440 1515; x_wconf 90' lang='lat' dir='ltr'>vel</span> <span class='ocrx_word' id='word_1_141' title='bbox 475 1486 585 1515; x_wconf 90' lang='lat' dir='ltr'>certe</span> <span class='ocrx_word' id='word_1_142' title='bbox 615 1490 694 1531; x_wconf 86' lang='lat' dir='ltr'>per</span> <span class='ocrx_word' id='word_1_143' title='bbox 725 1491 808 1525; x_wconf 89' lang='lat' dir='ltr'>eos,</span> <span class='ocrx_word' id='word_1_144' title='bbox 841 1476 913 1531; x_wconf 87' lang='lat' dir='ltr'>qui</span> <span class='ocrx_word' id='word_1_145' title='bbox 943 1475 1152 1527; x_wconf 82' lang='lat' dir='ltr'>dicebant,</span> <span class='ocrx_word' id='word_1_146' title='bbox 1182 1488 1229 1517; x_wconf 92' lang='lat' dir='ltr'>ut</span> <span class='ocrx_word' id='word_1_147' title='bbox 1257 1492 1382 1532; x_wconf 86' lang='lat' dir='ltr'>supra</span> <span class='ocrx_word' id='word_1_148' title='bbox 1413 1475 1518 1516; x_wconf 85' lang='lat' dir='ltr'>dixi-</span> 
     </span>
     <span class='ocr_line' id='line_1_19' title="bbox 98 1551 1518 1611; baseline -0.004 -13"><span class='ocrx_word' id='word_1_149' title='bbox 98 1572 208 1598; x_wconf 88' lang='lat' dir='ltr'>mus:</span> <span class='ocrx_word' id='word_1_150' title='bbox 241 1551 470 1611; x_wconf 87' lang='lat' dir='ltr'>„quoniam</span> <span class='ocrx_word' id='word_1_151' title='bbox 488 1553 529 1609; x_wconf 91' lang='lat'>⁵)</span> <span class='ocrx_word' id='word_1_152' title='bbox 561 1552 716 1595; x_wconf 85' lang='lat' dir='ltr'>Christi</span> <span class='ocrx_word' id='word_1_153' title='bbox 745 1554 881 1594; x_wconf 89' lang='lat' dir='ltr'>bonus</span> <span class='ocrx_word' id='word_1_154' title='bbox 914 1554 1023 1594; x_wconf 88' lang='lat' dir='ltr'>odor</span> <span class='ocrx_word' id='word_1_155' title='bbox 1052 1570 1192 1596; x_wconf 88' lang='lat' dir='ltr'>sumus</span> <span class='ocrx_word' id='word_1_156' title='bbox 1208 1553 1304 1594; x_wconf 87' lang='lat' dir='ltr'>Deo</span> <span class='ocrx_word' id='word_1_157' title='bbox 1336 1552 1380 1594; x_wconf 87' lang='lat' dir='ltr'>in</span> <span class='ocrx_word' id='word_1_158' title='bbox 1400 1552 1518 1594; x_wconf 85' lang='lat' dir='ltr'>omni</span> 
     </span>
     <span class='ocr_line' id='line_1_20' title="bbox 99 1630 1517 1687; baseline -0.001 -13"><span class='ocrx_word' id='word_1_159' title='bbox 99 1633 250 1674; x_wconf 86' lang='lat' dir='ltr'>loco.“</span> <span class='ocrx_word' id='word_1_160' title='bbox 319 1631 405 1672; x_wconf 88' lang='lat' dir='ltr'>Sed</span> <span class='ocrx_word' id='word_1_161' title='bbox 451 1642 491 1671; x_wconf 87' lang='lat' dir='ltr'>et</span> <span class='ocrx_word' id='word_1_162' title='bbox 535 1630 618 1672; x_wconf 86' lang='lat' dir='ltr'>alio</span> <span class='ocrx_word' id='word_1_163' title='bbox 660 1631 791 1672; x_wconf 88' lang='lat' dir='ltr'>modo</span> <span class='ocrx_word' id='word_1_164' title='bbox 834 1647 1058 1687; x_wconf 86' lang='lat' dir='ltr'>possumus</span> <span class='ocrx_word' id='word_1_165' title='bbox 1102 1632 1237 1673; x_wconf 88' lang='lat' dir='ltr'>adhuc</span> <span class='ocrx_word' id='word_1_166' title='bbox 1281 1630 1517 1685; x_wconf 84' lang='lat' dir='ltr'>intelligere</span> 
     </span>
     <span class='ocr_line' id='line_1_21' title="bbox 99 1708 1520 1766; baseline -0.001 -14"><span class='ocrx_word' id='word_1_167' title='bbox 99 1712 222 1762; x_wconf 84' lang='lat' dir='ltr'>haec,</span> <span class='ocrx_word' id='word_1_168' title='bbox 255 1724 359 1766; x_wconf 84' lang='lat' dir='ltr'>quae</span> <span class='ocrx_word' id='word_1_169' title='bbox 388 1708 595 1749; x_wconf 85' lang='lat' dir='ltr'>habentur</span> <span class='ocrx_word' id='word_1_170' title='bbox 622 1708 666 1749; x_wconf 94' lang='lat' dir='ltr'>in</span> <span class='ocrx_word' id='word_1_171' title='bbox 695 1708 908 1758; x_wconf 84' lang='lat' dir='ltr'>manibus,</span> <span class='ocrx_word' id='word_1_172' title='bbox 938 1720 986 1750; x_wconf 91' lang='lat' dir='ltr'>ut</span> <span class='ocrx_word' id='word_1_173' title='bbox 1016 1709 1226 1760; x_wconf 83' lang='lat' dir='ltr'>dicamus,</span> <span class='ocrx_word' id='word_1_174' title='bbox 1258 1708 1389 1750; x_wconf 83' lang='lat' dir='ltr'>veluti</span> <span class='ocrx_word' id='word_1_175' title='bbox 1419 1726 1520 1766; x_wconf 89' lang='lat' dir='ltr'>pro·</span> 
     </span>
     <span class='ocr_line' id='line_1_22' title="bbox 99 1785 1520 1847; baseline -0.001 -17"><span class='ocrx_word' id='word_1_176' title='bbox 99 1788 281 1847; x_wconf 80' lang='lat' dir='ltr'>phetiam</span> <span class='ocrx_word' id='word_1_177' title='bbox 313 1787 521 1843; x_wconf 88' lang='lat' dir='ltr'>quandam</span> <span class='ocrx_word' id='word_1_178' title='bbox 553 1785 686 1827; x_wconf 81' lang='lat' dir='ltr'>videri</span> <span class='ocrx_word' id='word_1_179' title='bbox 723 1787 775 1827; x_wconf 85' lang='lat' dir='ltr'>ad</span> <span class='ocrx_word' id='word_1_180' title='bbox 807 1787 1025 1828; x_wconf 86' lang='lat' dir='ltr'>ecclesiam</span> <span class='ocrx_word' id='word_1_181' title='bbox 1063 1788 1239 1837; x_wconf 82' lang='lat' dir='ltr'>factam,</span> <span class='ocrx_word' id='word_1_182' title='bbox 1278 1803 1357 1843; x_wconf 88' lang='lat' dir='ltr'>per</span> <span class='ocrx_word' id='word_1_183' title='bbox 1394 1803 1520 1843; x_wconf 81' lang='lat' dir='ltr'>quam</span> 
     </span>
     <span class='ocr_line' id='line_1_23' title="bbox 103 1863 1521 1921; baseline -0.001 -14"><span class='ocrx_word' id='word_1_184' title='bbox 103 1879 275 1909; x_wconf 78' lang='lat' dir='ltr'>vocetur</span> <span class='ocrx_word' id='word_1_185' title='bbox 305 1866 356 1907; x_wconf 87' lang='lat' dir='ltr'>ad</span> <span class='ocrx_word' id='word_1_186' title='bbox 385 1863 731 1921; x_wconf 85' lang='lat' dir='ltr'>repromissiones</span> <span class='ocrx_word' id='word_1_187' title='bbox 762 1864 943 1916; x_wconf 85' lang='lat' dir='ltr'>futuras,</span> <span class='ocrx_word' id='word_1_188' title='bbox 974 1876 1021 1905; x_wconf 88' lang='lat' dir='ltr'>ut</span> <span class='ocrx_word' id='word_1_189' title='bbox 1052 1864 1169 1921; x_wconf 84' lang='lat' dir='ltr'>quasi</span> <span class='ocrx_word' id='word_1_190' title='bbox 1197 1876 1294 1920; x_wconf 89' lang='lat' dir='ltr'>post</span> <span class='ocrx_word' id='word_1_191' title='bbox 1325 1880 1521 1906; x_wconf 89' lang='lat' dir='ltr'>consum-</span> 
     </span>
     <span class='ocr_line' id='line_1_24' title="bbox 100 1941 1522 1998; baseline -0.003 -10"><span class='ocrx_word' id='word_1_192' title='bbox 100 1945 330 1988; x_wconf 86' lang='lat' dir='ltr'>mationem</span> <span class='ocrx_word' id='word_1_193' title='bbox 371 1941 547 1992; x_wconf 83' lang='lat' dir='ltr'>saeculi,</span> <span class='ocrx_word' id='word_1_194' title='bbox 595 1959 690 1984; x_wconf 87' lang='lat' dir='ltr'>cum</span> <span class='ocrx_word' id='word_1_195' title='bbox 730 1954 894 1998; x_wconf 88' lang='lat' dir='ltr'>tempus</span> <span class='ocrx_word' id='word_1_196' title='bbox 932 1941 1253 1984; x_wconf 85' lang='lat' dir='ltr'>resurrectionis</span> <span class='ocrx_word' id='word_1_197' title='bbox 1289 1941 1522 1994; x_wconf 79' lang='lat' dir='ltr'>advenerit,</span> 
     </span>
     <span class='ocr_line' id='line_1_25' title="bbox 33 2019 1522 2078; baseline -0.003 -12"><span class='ocrx_word' id='word_1_198' title='bbox 33 2029 37 2033; x_wconf 57' lang='lat'><strong>⁴</strong></span> <span class='ocrx_word' id='word_1_199' title='bbox 101 2023 263 2066; x_wconf 84' lang='lat' dir='ltr'>dicatur</span> <span class='ocrx_word' id='word_1_200' title='bbox 293 2021 349 2063; x_wconf 85' lang='lat' dir='ltr'>ei:</span> <span class='ocrx_word' id='word_1_201' title='bbox 397 2036 604 2074; x_wconf 83' lang='lat' dir='ltr'>„exsurge</span> <span class='ocrx_word' id='word_1_202' title='bbox 621 2021 705 2077; x_wconf 71' lang='grc'>6).“</span> <span class='ocrx_word' id='word_1_203' title='bbox 762 2020 819 2061; x_wconf 90' lang='lat' dir='ltr'>Et</span> <span class='ocrx_word' id='word_1_204' title='bbox 849 2020 947 2077; x_wconf 84' lang='lat' dir='ltr'>quia</span> <span class='ocrx_word' id='word_1_205' title='bbox 975 2036 1114 2062; x_wconf 87' lang='lat' dir='ltr'>sermo</span> <span class='ocrx_word' id='word_1_206' title='bbox 1144 2019 1212 2061; x_wconf 87' lang='lat' dir='ltr'>hic</span> <span class='ocrx_word' id='word_1_207' title='bbox 1241 2020 1383 2063; x_wconf 76' lang='lat' dir='ltr'>statim</span> <span class='ocrx_word' id='word_1_208' title='bbox 1414 2037 1522 2078; x_wconf 90' lang='lat' dir='ltr'>opus</span> 
     </span>
     <span class='ocr_line' id='line_1_26' title="bbox 101 2098 1520 2155; baseline -0.002 -12"><span class='ocrx_word' id='word_1_209' title='bbox 101 2098 415 2144; x_wconf 87' lang='lat' dir='ltr'>resurrectionis</span> <span class='ocrx_word' id='word_1_210' title='bbox 454 2099 663 2152; x_wconf 84' lang='lat' dir='ltr'>designat,</span> <span class='ocrx_word' id='word_1_211' title='bbox 702 2110 898 2155; x_wconf 83' lang='lat' dir='ltr'>tanquam</span> <span class='ocrx_word' id='word_1_212' title='bbox 939 2114 987 2139; x_wconf 87' lang='lat' dir='ltr'>ex</span> <span class='ocrx_word' id='word_1_213' title='bbox 1023 2098 1332 2140; x_wconf 87' lang='lat' dir='ltr'>resurrectione</span> <span class='ocrx_word' id='word_1_214' title='bbox 1366 2098 1520 2140; x_wconf 81' lang='lat' dir='ltr'>clarior</span> 
     </span>
     <span class='ocr_line' id='line_1_27' title="bbox 102 2175 1519 2236; baseline -0.003 -14"><span class='ocrx_word' id='word_1_215' title='bbox 102 2191 144 2222; x_wconf 90' lang='lat' dir='ltr'>et</span> <span class='ocrx_word' id='word_1_216' title='bbox 171 2177 435 2236; x_wconf 84' lang='lat' dir='ltr'>splendidior</span> <span class='ocrx_word' id='word_1_217' title='bbox 466 2178 631 2228; x_wconf 87' lang='lat' dir='ltr'>effecta,</span> <span class='ocrx_word' id='word_1_218' title='bbox 660 2175 860 2218; x_wconf 79' lang='lat' dir='ltr'>invitatur</span> <span class='ocrx_word' id='word_1_219' title='bbox 888 2177 940 2218; x_wconf 84' lang='lat' dir='ltr'>ad</span> <span class='ocrx_word' id='word_1_220' title='bbox 970 2193 1168 2230; x_wconf 84' lang='lat' dir='ltr'>regnum,</span> <span class='ocrx_word' id='word_1_221' title='bbox 1201 2187 1242 2216; x_wconf 90' lang='lat' dir='ltr'>et</span> <span class='ocrx_word' id='word_1_222' title='bbox 1273 2175 1428 2218; x_wconf 86' lang='lat' dir='ltr'>dicitur</span> <span class='ocrx_word' id='word_1_223' title='bbox 1458 2175 1519 2218; x_wconf 83' lang='lat' dir='ltr'>ei:</span> 
     </span>
     <span class='ocr_line' id='line_1_28' title="bbox 104 2253 1520 2314; baseline -0.004 -15"><span class='ocrx_word' id='word_1_224' title='bbox 104 2257 226 2309; x_wconf 89' lang='lat' dir='ltr'>„veni</span> <span class='ocrx_word' id='word_1_225' title='bbox 243 2258 283 2314; x_wconf 91' lang='lat'>⁷)</span> <span class='ocrx_word' id='word_1_226' title='bbox 313 2255 504 2314; x_wconf 84' lang='lat' dir='ltr'>proxima</span> <span class='ocrx_word' id='word_1_227' title='bbox 532 2272 647 2305; x_wconf 86' lang='lat' dir='ltr'>mea,</span> <span class='ocrx_word' id='word_1_228' title='bbox 679 2255 869 2311; x_wconf 84' lang='lat' dir='ltr'>speciosa</span> <span class='ocrx_word' id='word_1_229' title='bbox 898 2271 1014 2306; x_wconf 84' lang='lat' dir='ltr'>mea,</span> <span class='ocrx_word' id='word_1_230' title='bbox 1047 2254 1246 2296; x_wconf 80' lang='lat' dir='ltr'>columba</span> <span class='ocrx_word' id='word_1_231' title='bbox 1274 2270 1391 2305; x_wconf 88' lang='lat' dir='ltr'>mea,</span> <span class='ocrx_word' id='word_1_232' title='bbox 1422 2253 1520 2311; x_wconf 82' lang='lat' dir='ltr'>quia</span> 
     </span>
     <span class='ocr_line' id='line_1_29' title="bbox 107 2331 1521 2390; baseline -0.003 -14"><span class='ocrx_word' id='word_1_233' title='bbox 107 2334 236 2377; x_wconf 84' lang='lat' dir='ltr'>hiems</span> <span class='ocrx_word' id='word_1_234' title='bbox 265 2334 484 2376; x_wconf 83' lang='lat' dir='ltr'>transiit:“</span> <span class='ocrx_word' id='word_1_235' title='bbox 513 2334 696 2375; x_wconf 86' lang='lat' dir='ltr'>hiemem</span> <span class='ocrx_word' id='word_1_236' title='bbox 728 2333 815 2374; x_wconf 85' lang='lat' dir='ltr'>sine</span> <span class='ocrx_word' id='word_1_237' title='bbox 848 2331 978 2374; x_wconf 87' lang='lat' dir='ltr'>dubio</span> <span class='ocrx_word' id='word_1_238' title='bbox 1010 2331 1133 2390; x_wconf 89' lang='lat' dir='ltr'>hujus</span> <span class='ocrx_word' id='word_1_239' title='bbox 1162 2331 1390 2388; x_wconf 88' lang='lat' dir='ltr'>praesentis</span> <span class='ocrx_word' id='word_1_240' title='bbox 1411 2331 1521 2372; x_wconf 84' lang='lat' dir='ltr'>vitae</span> 
     </span>
    </p>
   </div>
   <div class='ocr_carea' id='block_1_3' title="bbox 106 2409 1522 2472">
    <p class='ocr_par' dir='ltr' id='par_1_3' title="bbox 106 2409 1522 2472">
     <span class='ocr_line' id='line_1_30' title="bbox 106 2409 1522 2472; baseline -0.004 -16"><span class='ocrx_word' id='word_1_241' title='bbox 106 2412 315 2472; x_wconf 83' lang='lat' dir='ltr'>procellas</span> <span class='ocrx_word' id='word_1_242' title='bbox 346 2424 388 2453; x_wconf 90' lang='lat' dir='ltr'>et</span> <span class='ocrx_word' id='word_1_243' title='bbox 415 2412 601 2454; x_wconf 90' lang='lat' dir='ltr'>turbines</span> <span class='ocrx_word' id='word_1_244' title='bbox 642 2411 882 2461; x_wconf 85' lang='lat' dir='ltr'>nominans,</span> <span class='ocrx_word' id='word_1_245' title='bbox 929 2409 1078 2466; x_wconf 88' lang='lat' dir='ltr'>quibus</span> <span class='ocrx_word' id='word_1_246' title='bbox 1109 2410 1289 2452; x_wconf 80' lang='lat' dir='ltr'>humana</span> <span class='ocrx_word' id='word_1_247' title='bbox 1318 2409 1402 2451; x_wconf 79' lang='lat' dir='ltr'>vita</span> <span class='ocrx_word' id='word_1_248' title='bbox 1431 2421 1522 2451; x_wconf 86' lang='lat' dir='ltr'>ten-</span> 
     </span>
    </p>
   </div>
   <div class='ocr_carea' id='block_1_4' title="bbox 226 2592 1380 2652">
    <p class='ocr_par' dir='ltr' id='par_1_4' title="bbox 226 2592 1380 2652">
     <span class='ocr_line' id='line_1_31' title="bbox 226 2592 1380 2652; baseline -0.002 -17"><span class='ocrx_word' id='word_1_249' title='bbox 226 2594 266 2652; x_wconf 88' lang='lat'>¹)</span> <span class='ocrx_word' id='word_1_250' title='bbox 295 2593 403 2635; x_wconf 89' lang='lat' dir='ltr'>Edd.</span> <span class='ocrx_word' id='word_1_251' title='bbox 435 2592 496 2633; x_wconf 88' lang='lat' dir='ltr'>M.</span> <span class='ocrx_word' id='word_1_252' title='bbox 528 2592 885 2643; x_wconf 82' lang='lat' dir='ltr'>„int1·0ducunt.“</span> <span class='ocrx_word' id='word_1_253' title='bbox 1005 2594 1047 2650; x_wconf 79' lang='lat'>²)</span> <span class='ocrx_word' id='word_1_254' title='bbox 1078 2593 1207 2635; x_wconf 83' lang='lat' dir='ltr'>Hebr.</span> <span class='ocrx_word' id='word_1_255' title='bbox 1240 2593 1282 2643; x_wconf 92' lang='lat' dir='ltr'>I,</span> <span class='ocrx_word' id='word_1_256' title='bbox 1315 2592 1380 2637; x_wconf 81' lang='grc'>14.</span> 
     </span>
    </p>
   </div>
   <div class='ocr_carea' id='block_1_5' title="bbox 221 2661 1520 2721">
    <p class='ocr_par' dir='ltr' id='par_1_5' title="bbox 221 2661 1520 2721">
     <span class='ocr_line' id='line_1_32' title="bbox 221 2661 1520 2721; baseline -0.002 -15"><span class='ocrx_word' id='word_1_257' title='bbox 221 2665 264 2721; x_wconf 74' lang='grc'>3)</span> <span class='ocrx_word' id='word_1_258' title='bbox 294 2664 402 2706; x_wconf 86' lang='lat' dir='ltr'>Edd.</span> <span class='ocrx_word' id='word_1_259' title='bbox 433 2663 496 2704; x_wconf 85' lang='lat' dir='ltr'>M.</span> <span class='ocrx_word' id='word_1_260' title='bbox 526 2663 752 2712; x_wconf 85' lang='lat' dir='ltr'>„homines</span> <span class='ocrx_word' id='word_1_261' title='bbox 780 2681 912 2707; x_wconf 88' lang='lat' dir='ltr'>nunc:</span> <span class='ocrx_word' id='word_1_262' title='bbox 946 2666 1107 2707; x_wconf 80' lang='lat' dir='ltr'>fructus</span> <span class='ocrx_word' id='word_1_263' title='bbox 1136 2663 1251 2721; x_wconf 86' lang='lat' dir='ltr'>ipsos</span> <span class='ocrx_word' id='word_1_264' title='bbox 1282 2661 1375 2704; x_wconf 85' lang='lat' dir='ltr'>vitis</span> <span class='ocrx_word' id='word_1_265' title='bbox 1387 2666 1413 2687; x_wconf 78' lang='lat'>‘⁴</span> <span class='ocrx_word' id='word_1_266' title='bbox 1443 2673 1520 2704; x_wconf 86' lang='lat' dir='ltr'>etc.</span> 
     </span>
    </p>
   </div>
   <div class='ocr_carea' id='block_1_6' title="bbox 226 2733 1450 2931">
    <p class='ocr_par' dir='ltr' id='par_1_6' title="bbox 226 2733 1450 2931">
     <span class='ocr_line' id='line_1_33' title="bbox 228 2733 743 2792; baseline 0 -16"><span class='ocrx_word' id='word_1_267' title='bbox 228 2735 269 2792; x_wconf 81' lang='lat'>⁴)</span> <span class='ocrx_word' id='word_1_268' title='bbox 300 2734 449 2776; x_wconf 77' lang='lat' dir='ltr'>Matth.</span> <span class='ocrx_word' id='word_1_269' title='bbox 480 2733 647 2784; x_wconf 80' lang='lat' dir='ltr'>XXVI,</span> <span class='ocrx_word' id='word_1_270' title='bbox 677 2735 743 2778; x_wconf 83' lang='lat'>29.</span> 
     </span>
     <span class='ocr_line' id='line_1_34' title="bbox 226 2802 1450 2859; baseline -0.002 -14"><span class='ocrx_word' id='word_1_271' title='bbox 226 2805 266 2859; x_wconf 80' lang='lat'>⁵)</span> <span class='ocrx_word' id='word_1_272' title='bbox 298 2806 337 2845; x_wconf 81' lang='lat' dir='ltr'>II</span> <span class='ocrx_word' id='word_1_273' title='bbox 361 2805 458 2847; x_wconf 90' lang='lat' dir='ltr'>Cor.</span> <span class='ocrx_word' id='word_1_274' title='bbox 490 2805 557 2853; x_wconf 90' lang='lat' dir='ltr'>II,</span> <span class='ocrx_word' id='word_1_275' title='bbox 588 2803 653 2847; x_wconf 89' lang='grc'>15.</span> <span class='ocrx_word' id='word_1_276' title='bbox 688 2828 736 2835; x_wconf 92' lang='grc'>-</span> <span class='ocrx_word' id='word_1_277' title='bbox 767 2805 899 2847; x_wconf 86' lang='lat' dir='ltr'>Deest</span> <span class='ocrx_word' id='word_1_278' title='bbox 928 2805 1118 2855; x_wconf 85' lang='lat' dir='ltr'>„Christi</span> <span class='ocrx_word' id='word_1_279' title='bbox 1131 2811 1154 2828; x_wconf 86' lang='lat'><strong>“</strong></span> <span class='ocrx_word' id='word_1_280' title='bbox 1188 2804 1229 2845; x_wconf 85' lang='lat' dir='ltr'>in</span> <span class='ocrx_word' id='word_1_281' title='bbox 1263 2803 1359 2847; x_wconf 83' lang='lat' dir='ltr'>edd.</span> <span class='ocrx_word' id='word_1_282' title='bbox 1388 2802 1450 2843; x_wconf 85' lang='lat' dir='ltr'>M.</span> 
     </span>
     <span class='ocr_line' id='line_1_35' title="bbox 227 2873 1197 2931; baseline -0.001 -15"><span class='ocrx_word' id='word_1_283' title='bbox 227 2875 269 2931; x_wconf 81' lang='lat'>⁶)</span> <span class='ocrx_word' id='word_1_284' title='bbox 301 2873 458 2916; x_wconf 87' lang='lat' dir='ltr'>Cantic.</span> <span class='ocrx_word' id='word_1_285' title='bbox 490 2874 553 2927; x_wconf 84' lang='lat' dir='ltr'>II,</span> <span class='ocrx_word' id='word_1_286' title='bbox 586 2873 650 2918; x_wconf 85' lang='grc'>10.</span> <span class='ocrx_word' id='word_1_287' title='bbox 771 2875 813 2931; x_wconf 89' lang='lat'>⁷)</span> <span class='ocrx_word' id='word_1_288' title='bbox 844 2874 1001 2918; x_wconf 79' lang='lat' dir='ltr'>Cantic.</span> <span class='ocrx_word' id='word_1_289' title='bbox 1034 2875 1100 2920; x_wconf 76' lang='grc' dir='ltr'>ΙΙ.</span> <span class='ocrx_word' id='word_1_290' title='bbox 1133 2874 1197 2918; x_wconf 85' lang='grc'>10.</span> 
     </span>
    </p>
   </div>
  </div>
 </body>
</html>
