1763 3112
589 110 785 151 HOMILIA
813 86 928 149 XV1.
1379 112 1461 157 297

58 221 294 268 ἐκκόπτειν
333 221 412 275 τὴν
454 224 631 265 κακίαν.
694 217 841 263 ’Ἑστω
886 217 977 277 γάρ
1027 234 1076 263 σε
1120 220 1461 279 ῴκοδομηκέναι

55 299 168 357 μετὰ
198 300 248 345 τὸ
288 301 502 357 θεμέλιον
544 295 745 356 Χριστὸν
773 297 970 352 Ἰησοῦν,
1016 293 1071 341 ὃν
1109 297 1365 353 δεδίδαξαι,
1408 300 1460 343 οὐ

56 377 205 434 μόνον
227 374 404 434 χρυσὸν
439 378 514 418 καὶ
563 371 788 433 ἄργυρον,
833 376 908 416 καὶ
938 377 1073 416 λίθον
1100 377 1267 430 τίμιον.
1316 370 1460 419 ’Ἑστω

58 470 107 499 σε
138 456 258 511 ἔχειν
279 450 468 510 χρυσὸν,
501 448 528 506 ἢ
559 451 705 495 πολῠν
726 450 917 509 χρυσὸν,
950 447 977 504 ἢ
1013 451 1187 508 ὀλίγον.
1236 445 1382 493 ’Έστω
1413 467 1461 495 σε

56 532 176 588 ἔχειν
207 527 422 588 ἄργυρον,
455 531 589 572 λίθον
617 531 782 584 τίμιον.
832 527 896 571 Οὐ
925 525 1048 585 μόνα
1078 528 1132 572 δέ
1159 545 1278 585 φημι
1300 529 1460 571 ταῦτα·

57 606 147 649 ἀλλ’
181 608 291 650 ἔστω
323 621 371 650 σε
402 607 521 662 ἔχειν
552 608 628 648 καὶ
655 603 779 660 ξύλα,
812 607 888 648 καὶ
913 602 1097 661 χόρτον,
1129 608 1205 648 καὶ
1236 601 1460 661 καλάμην,

53 688 100 726 τί
123 682 274 738 βούλει
305 698 376 726 σοι
404 686 620 738 γενέσθαι
647 680 762 738 μετὰ
791 680 872 737 τὴν
900 683 1088 735 ἔξοθον,·
1118 680 1323 740 Πότερόν
1353 698 1462 726 ποτε

53 763 276 805 εἰσελθεῖν
313 762 375 809 εἰς
412 758 465 803 τὰ
505 758 613 817 ἅγια
652 758 766 816 μετά
806 761 886 803 τοῦ
924 756 1059 808 ξύλου
1097 774 1203 815 σου,
1243 762 1320 803 καὶ
1348 758 1462 817 μετά

57 840 135 881 τοῦ
159 836 328 896 χόρτου
359 851 466 893 σου,
499 839 576 880 καὶ
603 840 679 892 τῆς
707 834 932 891 καλάμης,
963 838 1040 879 ἵνα
1068 835 1233 897 μιάνῃς
1261 836 1346 889 τὴν
1373 843 1462 891 βα-

56 917 230 958 σιλείαν
266 916 344 958 τοῦ
382 916 520 967 θεοῦ,·
560 913 691 957 Ἀλλὰ
736 911 878 956 πάλιν
916 912 1166 969 ἀπομεῖναι
1204 916 1350 962 θέλεις
1389 913 1465 957 διὰ

55 989 134 1034 τὸν
157 989 340 1049 χόρτον,
374 989 449 1035 διὰ
481 991 534 1034 τὰ
566 990 688 1042 ξύλα,
723 988 800 1034 διὰ
830 989 911 1045 τὴν
939 987 1151 1048 καλάμην
1181 990 1231 1033 ἓν
1249 992 1310 1046 τῷ
1338 994 1465 1047 πυρὶ,

55 1071 132 1111 καὶ
159 1070 306 1124 μηδὲν
337 1068 587 1123 ἀπολαβεῖν
614 1071 720 1125 περὶ
748 1069 828 1110 τοῦ
852 1069 1027 1124 χρυσοῦ
1059 1070 1135 1110 καὶ
1166 1065 1366 1125 ἀργύρου
1390 1070 1468 1111 καὶ

55 1148 188 1190 λίθου
218 1150 392 1202 τιμίου,·
444 1143 560 1188 Οὐδὲ
589 1147 718 1188 τοῦτο
751 1141 958 1202 εὔλογον.

166 1223 206 1266 6.
253 1228 310 1266 Τί
356 1213 439 1267 οὖν
483 1224 665 1277 πρῶτον
709 1221 958 1265 ἀκολουθεῖ
997 1221 1250 1277 ἀπολαβεῖν
1292 1220 1368 1264 διὰ
1412 1221 1464 1265 τὰ

55 1298 188 1353 ξύλα;
233 1302 411 1353 Δῆλον,
455 1296 520 1341 ὅτι
560 1297 609 1341 τὸ
648 1302 742 1357 πῦρ
772 1297 821 1341 τό
854 1297 1104 1342 ἀναλίσκον
1132 1297 1185 1341 τὰ
1217 1298 1347 1354 ξύλα,
1389 1302 1466 1341 καὶ

54 1376 135 1421 τὸν
166 1375 338 1435 χόρτον
373 1379 450 1418 καὶ
489 1374 570 1429 τὴν
599 1373 824 1431 καλάμην.
896 1373 942 1419 ‘0
980 1373 1086 1424 θεὸς
1119 1374 1209 1433 γὰρ
1247 1374 1379 1432 ἡμῶν
1416 1378 1466 1436 τῇ

57 1452 190 1509 οὐσία
234 1456 409 1509 λέγεται
446 1456 539 1500 τοῖς
575 1457 777 1496 συνιέναι
815 1454 1087 1512 δυναμένοις
1115 1456 1207 1510 πῦρ
1237 1449 1352 1496 εἶναι
1380 1470 1466 1496 κα-

56 1533 356 1574 ταναλίσκον·
399 1531 477 1571 καὶ
516 1527 738 1585 ἐσιώπησε
777 1531 866 1586 μὲν
905 1529 955 1575 τό
992 1536 1037 1573 τί
1071 1533 1403 1574 καταναλίσκον
1441 1528 1464 1574 ὁ

56 1605 308 1667 προφήτης,
336 1609 506 1662 λέγων·
539 1605 596 1662 ,,ό
614 1607 655 1662 ¹)
687 1604 792 1656 θεὸς
816 1605 949 1664 ἡμῶν
973 1611 1067 1665 πῦρ
1087 1609 1468 1655 καταναλίσκον.“

56 1683 194 1740 “Ημῖν
224 1685 274 1728 δὲ
303 1687 596 1728 καταλέλοιπε
627 1689 764 1739 νοεῖν,
798 1682 866 1728 ὅτι
896 1680 1045 1729 εἶπεν·
1093 1682 1153 1742 ,,ὁ
1169 1685 1212 1739 ²)
1242 1682 1348 1732 θεὸς
1374 1687 1468 1741 πῦρ

60 1763 153 1806 ἔστι
195 1761 578 1805 καταναλίσκον.“
647 1755 776 1803 ’Ἐστι
829 1779 869 1804 τι
912 1761 961 1806 τό
1007 1760 1469 1816 καταναλισκόμενον.

63 1843 124 1881 Τι’
150 1830 234 1885 οὖν
262 1838 356 1881 ἔστι
386 1836 435 1881 τὸ
466 1836 939 1896 καταναλισκόμενον,·
981 1839 1045 1882 Οὐ
1074 1836 1164 1895 γὰρ
1195 1837 1244 1883 τὸ
1277 1838 1368 1882 κατ’
1402 1843 1469 1883 εῖ-

60 1914 174 1960 κόνα
205 1918 281 1958 καὶ
299 1914 520 1972 ὁμοίωσιν
536 1915 782 1969 ἀναλίσκει,
814 1913 928 1957 ἀλλὰ
947 1914 1026 1960 τὸν
1051 1917 1471 1972 ἐποικοδομηθέντα

53 1991 236 2052 χόρτον,
269 1990 322 2035 τὰ
352 1992 775 2048 ἐποικοδομηθέντα
806 1991 941 2048 ξύλα,
973 1992 1053 2048 τὴν
1086 1994 1472 2050 ἐποικοδομηθεῐ-

59 2086 147 2114 σαν
167 2067 397 2127 καλάμην.
437 2067 486 2113 Ὁ
501 2067 638 2119 τόπος
660 2060 718 2124 ἦν
742 2067 1041 2126 δυσδιήγητος
1057 2068 1255 2130 σφόδρα.
1295 2070 1472 2128 'Endy—

59 2151 206 2205 γελίαι
235 2139 374 2202 ἦσαν,
419 2149 496 2189 καὶ
534 2144 647 2204 μετὰ
687 2145 766 2195 τὰς
803 2145 1079 2203 ἐπαγγελίας
1115 2149 1259 2205 λέγει·
1299 2148 1471 2203 ,,καὶ3)

64 2222 377 2268 ἀνταποδώσω
397 2226 578 2283 πρῶτον
593 2224 758 2272 διπλᾶς
775 2221 853 2272 τὰς
869 2222 1047 2273 ἀδικίας
1063 2223 1263 2268 αὐτῶν.“
1305 2224 1472 2282 Ἀναγ-

63 2305 200 2350 καίως
228 2299 488 2359 πρόσκειται
515 2299 566 2343 τὸ
604 2299 874 2358 „moubray-‘⁶
954 2303 1147 2358 Πρῶτον
1181 2300 1270 2360 γάρ
1310 2301 1362 2345 τιὶ
1396 2306 1470 2357 τῆς

64 2379 265 2432 ἀδικίας,
309 2373 402 2421 εἶτα
440 2375 494 2419 τά
525 2379 601 2430 τῆς
629 2375 918 2432 δικαιοσύνης
948 2377 1245 2422 ἀποδίδοται·
1288 2379 1339 2422 οὐ
1382 2379 1472 2437 γὰρ

67 2453 296 2500 ἀνάπαλιν
328 2452 350 2497 ὀ
381 2452 485 2502 θεὸς
513 2452 900 2500 ἀνταποδίδωσιν.
947 2459 1006 2498 Εἰ
1035 2460 1219 2513 πρῶτον
1251 2456 1472 2501 ἀπεδίδου

65 2532 120 2576 τά
152 2530 330 2590 ἀγαθὰ,
371 2534 446 2573 ἵνα
485 2528 792 2590 ἀπολάβωμεν
819 2533 872 2577 τά
907 2531 1045 2588 κακά,
1090 2536 1176 2578 νῦν
1214 2534 1263 2578 δὲ
1303 2534 1471 2578 ἀποδί-

186 2704 224 2760 1)
258 2703 342 2744 Cfr.
373 2704 501 2744 Deut.
534 2705 605 2755 IV,
635 2705 700 2748 24.
734 2708 830 2747 coll.
862 2709 990 2749 Hebr.
1020 2710 1118 2758 XII,
1149 2708 1214 2751 29.

184 2774 226 2826 ²)
261 2773 345 2815 Csr.
378 2773 502 2814 Deut.
537 2774 609 2824 IV,
639 2775 706 2818 24.
738 2777 834 2818 coll.
865 2778 993 2820 Hebr.
1025 2778 1118 2827 ΧΗ,
1147 2777 1211 2820 29.

183 2843 225 2898 ³)
255 2843 410 2884 Jcrem.
441 2844 555 2894 XVI,
589 2843 651 2887 18.
