1763 3112
650 131 696 160 m
726 119 980 160 JEREMIAM.
1451 120 1530 164 451

108 228 188 274 τὸν
216 232 294 272 καὶ
325 223 530 288 ι’ἰβρωτον
561 228 872 288 ἀπεργάζεται.
913 227 1022 272 Ἀλλ’
1056 228 1138 273 ἐὰν
1168 228 1256 285 μὲν
1286 233 1402 274 σῦκα
1433 236 1532 294 ζητῇ

107 323 172 355 τις
198 304 262 362 μὴ
294 308 398 348 λιάν
420 303 618 363 χρηστὰ,
664 306 748 356 ἔξω
787 309 906 360 ζητεῖ
943 308 1085 349 ταῦτα
1124 308 1214 350 τῶν
1252 308 1327 361 τῆς
1366 314 1531 354 θεοσε-

105 387 230 438 βείας
257 386 534 442 μυστηρίων,
565 385 642 425 καὶ
670 385 750 425 τοῦ
783 384 895 425 ναοῦ
926 386 1003 426 τοῦ
1037 386 1164 438 θεοῦ,
1197 380 1438 440 ὠσπεροῦν
1453 388 1531 428 καὶ

105 458 160 503 τὰ
189 457 252 516 μὴ
282 462 387 501 λίαν
415 457 608 518 πονηρά.
675 457 786 502 Ἐὰν
823 458 918 516 γαρ
960 462 1067 520 ἔλθῃ
1101 462 1178 504 ἐπὶ
1207 460 1287 504 τὸν
1314 462 1530 520 μαθητὴν

105 534 194 591 πρὸ
225 533 476 591 προσώπου
506 538 583 579 τοῦ
616 537 729 578 ναοῦ
760 542 932 592 κυριόυ,
968 538 1058 581 ἔστι
1079 541 1194 580 σῦκα
1208 537 1383 594 χρηστα
1405 543 1526 598 λίαν,

107 607 182 656 οἷα
209 617 360 656 ποιεῖν
392 608 486 656 οἶδε
518 609 728 671 Χριστὸς,
760 609 788 666 ἦ
819 613 1011 670 πονηρά.
1074 614 1193 658 Οὐδὲ
1233 614 1323 672 γὰρ
1362 615 1411 660 τὸ
1445 618 1528 667 ἔξω

103 667 309 746 πονηρὸν
352 691 494 733 σῦκον
538 689 715 744 ἐξέβαλε
759 689 863 739 τοὺς
902 689 1068 748 λόγους
1106 694 1186 735 τοῦ
1226 695 1336 736 θεοῦ
1376 697 1438 743 εἰς
1474 693 1529 738 τὰ

106 766 267 810 ὀπίσω.
325 769 441 822 Περὶ
480 763 560 809 τὸν
600 763 714 809 ναὸν
745 770 901 810 τοίνυν
929 770 1009 810 τοῦ
1041 771 1182 825 θεοῦ,
1233 772 1310 812 καὶ
1340 769 1394 813 τὰ
1424 776 1530 816 θεῖα

105 842 331 900 δόγματα,
363 842 445 886 δύο
476 841 672 886 κάλαθοι
703 847 889 887 κεῖνται.
951 848 1044 886 Καὶ
1072 841 1197 889 οἶδεν
1228 845 1250 889 ό
1282 846 1530 906 ἐκλεγόμε-

103 935 194 974 νος,
227 922 323 968 πῶς
352 919 545 963 ἕκαστον
575 917 875 975 κατατάσσει»,
913 918 976 976 μὴ
1019 917 1296 978 ἀνεχόμενος
1325 931 1528 985 πονηροῦ

102 993 244 1040 σύκου
273 994 488 1050 ποιότητα
518 1002 612 1045 τοῖς
652 999 756 1039 λίαν
796 997 1094 1052 ἒγκαταμίξαι
1129 1007 1366 1054 χρηστοῖς·
1410 1021 1527 1062 ,Ναι-

103 1070 249 1132 κριὶ’)
290 1071 380 1132 γὰρ
426 1070 537 1129 ζύμη
578 1069 687 1116 ὅλον
724 1070 774 1116 τὸ
814 1069 1009 1131 φύραμα
1049 1079 1248 1132 ζυμοῖ·“
1288 1082 1326 1123 εἰ
1367 1081 1417 1123 δὲ
1445 1081 1527 1139 μὴ,

99 1149 384 1194 τούναντίον.
454 1152 547 1192 Καὶ
584 1147 700 1206 τάχα
731 1147 753 1193 ὁ
785 1148 987 1198 κάλαθος
1016 1154 1107 1194 τῶν
1137 1151 1286 1198 σύκων
1316 1158 1406 1200 τῶν
1435 1175 1529 1201 πο-

101 1230 279 1285 νηρῶν,
326 1225 351 1281 ή
392 1225 560 1284 γέεννοὶ
601 1227 690 1270 ἔστι
729 1228 808 1286 τοῦ
850 1229 1037 1270 αἰωνίου
1077 1228 1242 1288 πυρός·
1291 1230 1314 1274 0‘
1357 1233 1408 1274 δὲ
1436 1236 1527 1278 τῶν

96 1307 329 1361 χρηστῶν,
375 1302 401 1358 ἡ
445 1307 652 1359 βασιλεία
691 1307 783 1347 τῶν
822 1302 1045 1361 οὐρανῶν.
1114 1310 1208 1349 Καὶ
1248 1308 1342 1364 μετ’
1377 1308 1524 1366 ὀλίγα.

97 1379 228 1424 Ἀλλὰ
271 1379 382 1424 πότε
411 1378 515 1429 τούς
544 1378 775 1430 καλάθους
803 1377 826 1425 ὁ
858 1380 1099 1439 προφήτης
1130 1381 1349 1443 ἑώρακεν;
1391 1387 1525 1431 Μετὰ

100 1455 183 1512 τὴν
222 1458 559 1514 αἰχμαλωσίαν,
610 1462 770 1515 φησίν.
826 1456 936 1501 Ἐὰν
972 1457 1063 1515 γὰρ
1103 1462 1201 1520 ἴδῃς
1239 1461 1322 1515 την
1363 1465 1524 1520 ἐπιδη-

98 1539 214 1590 μίαν
243 1536 321 1577 τοῦ
353 1537 576 1592 σωτῆρος,
609 1537 686 1578 καὶ
715 1537 795 1578 τοῦ
829 1538 943 1578 λαοῦ
974 1535 1056 1591 τὴν
1086 1541 1417 1596 αἰχμαλωσίαν,
1450 1545 1527 1584 καὶ

98 1609 220 1666 ἡμᾶς
249 1610 355 1659 τοὺς
387 1610 647 1667 ἀλλοτρίους
690 1609 828 1667 φύσει
864 1615 942 1655 καὶ
982 1614 1064 1663 ἔξω
1105 1618 1182 1669 τῆς
1215 1613 1523 1675 ιῙερουσαλὴμ,

99 1691 186 1732 νῦν
216 1689 265 1732 δὲ
298 1685 374 1731 διὰ
404 1687 487 1742 τὴν
517 1693 673 1731 πίστιν
702 1686 786 1741 τήν
815 1691 877 1738 εἰς
906 1688 1034 1745 θεὸν,
1068 1694 1144 1734 καὶ
1168 1692 1420 1748 γλυκύτητα
1449 1701 1526 1750 τῆς

101 1764 339 1819 ἀληθείας,
371 1768 649 1822 γενομένους
680 1767 795 1807 σῦκα
820 1766 1019 1823 χρηστὰ,
1065 1764 1166 1822 ὄψει
1200 1773 1291 1813 τῶν
1315 1777 1527 1831 χρηστῶν

100 1839 252 1886 σύκων
281 1840 362 1885 τὸν
391 1838 615 1885 κάλαθον.
689 1839 798 1885 Ἐάν
838 1843 888 1885 δὲ
927 1842 1030 1893 τοὺς
1060 1845 1109 1888 ἐκ
1138 1851 1385 1905 περιτομῆς
1409 1851 1524 1908 μετὰ

97 1919 182 1974 τὴν
220 1921 537 1975 αἰχμαλωσίαν
581 1916 747 1973 ταύτην
784 1917 1003 1979 θεάσοιο,
1053 1924 1144 1965 τῶν
1173 1929 1388 1984 πονηρῶν
1418 1925 1526 1984 ὄψει

99 1999 178 2040 καὶ
208 1993 425 2056 ἀβρώτων
468 1992 619 2038 σύκων
648 1994 729 2040 τὸν
758 1996 976 2042 κάλαθον.
1051 2000 1146 2043 Οὐκ
1175 2000 1307 2057 ἀρκεῖ
1332 2004 1381 2047 δὲ
1410 2022 1526 2062 χρη-

99 2071 184 2117 στα
217 2076 322 2117 λίαν
352 2068 470 2118 εἶναι
499 2072 553 2116 τὰ
587 2075 720 2130 σῦκα,
752 2073 869 2118 ἀλλὰ
900 2078 976 2118 καὶ
1004 2081 1097 2125 τοῖς
1127 2078 1349 2134 πρωῖμοις
1378 2080 1526 2138 ὦμοι-

101 2152 270 2193 οῦσθαι
299 2147 544 2206 προσήκει·
578 2146 756 2209 ὄψιμον
771 2150 863 2212 γὰρ
883 2153 1026 2196 σῦκον
1043 2152 1125 2197 οὐκ
1151 2155 1285 2210 ἔστιν,
1320 2147 1357 2212 ᾧ
1371 2175 1525 2215 παρα-

96 2224 308 2284 βάλλεται
339 2224 362 2270 ὁ
396 2223 664 2284 σωζόμενος.

212 2303 396 2359 ,,Καὶ2)
429 2301 776 2361 ἀνοικοδομήσω
809 2303 1023 2355 αὐτούς.“
1088 2304 1135 2350 ‘0
1168 2307 1363 2365 Χριστὸς
1394 2314 1517 2355 οἰκο-

99 2379 245 2438 δόμος
272 2383 349 2424 καὶ
382 2379 675 2437 ἀρχιτέκτων,
707 2383 814 2440 περὶ
851 2373 906 2426 οὗ
935 2383 985 2428 ἐν
1013 2382 1273 2442 προφήταις
1298 2389 1521 2432 λέλεκται·

101 2450 327 2517 ,,οῦτος3)
360 2455 653 2512 οἰκοδομήσει
682 2457 765 2512 τήν
795 2456 931 2503 πόλιν
958 2476 1066 2517 μου,
1098 2465 1174 2503 καὶ
1206 2467 1524 2519 αἰχμαλωσίαν

99 2541 178 2580 τοῦ
209 2538 322 2579 λαοῦ
347 2551 438 2588 μου
459 2534 767 2593 ἐπιστρέψει.“
820 2541 972 2592 Φησὶν
990 2530 1074 2581 οὖν
1101 2536 1123 2580 ὁ
1152 2537 1322 2597 κύριος·
1352 2545 1522 2600 ,,καὶ4)

101 2610 390 2669 οἰκοδομήσω
424 2609 598 2667 αὐτοῦς,
633 2615 709 2654 καὶ
743 2612 794 2655 οὐ
824 2612 887 2670 μῆ
919 2616 1148 2659 κιιθελῶ,“
1204 2615 1398 2672 Ἀγαθός
1434 2618 1522 2676 γὰρ

221 2772 259 2825 ¹)
294 2771 380 2812 Cfr.
414 2772 432 2810 l
465 2773 563 2815 Cor.
596 2774 646 2824 V,
676 2773 714 2815 6.
836 2774 879 2829 ²)
908 2774 1062 2822 Jerem.
1095 2776 1253 2826 XXIV,
1286 2777 1323 2819 6.

216 2838 257 2893 3)
291 2840 415 2882 Jesai.
448 2843 575 2891 XLV,
609 2843 673 2886 13.
796 2843 836 2897 ²)
870 2844 1027 2884 Jerem.
1059 2845 1218 2894 XXIV,
1249 2844 1287 2887 6.

1102 2920 1194 2962 29*
