1763 3112
673 106 721 136 m
748 94 1001 137 Jnnssmmm.
1468 96 1552 142 469

135 223 219 255 τως
267 208 313 248 αἱ
364 206 562 260 πονηραὶ
609 202 826 262 δυνάμεις
873 203 948 248 ὑπ’
1003 202 1226 261 τῖλλήλωνζ,
1270 205 1550 263 κολάζονται,

135 285 266 339 μέχρι
298 283 578 341 καταλειφθῇ
616 285 871 327 τελευταῖον
910 280 933 324 ὁ
975 281 1140 342 ἐχθρὸς
1176 287 1360 340 κυρίου,
1402 283 1555 328 θάνα-

136 375 226 415 τος,
258 360 534 415 βασιλίσκος,
568 361 673 415 περὶ
699 349 752 402 οὗ
777 374 940 415 φησιν·
972 360 1144 416 „snm
1176 359 1350 403 ἀσπίδα
1366 362 1443 403 καὶ
1465 367 1554 415 βα-

137 437 340 478 σιλίσκον
381 432 624 496 ἒπιβήσῃ.“
698 433 744 478 Ὀ
787 434 878 495 γὰρ
923 436 1119 495 Χριστὸς
1160 434 1447 494 ῗσχυρότερος
1489 434 1554 481 ὧν

136 514 215 554 τοῦ
256 513 546 566 βασιλίσκου,
591 513 855 568 ἐπιβέβηκεν
897 512 1042 570 αὐτῷ,
1089 515 1166 557 καὶ
1204 514 1406 560 δέδωκεν
1443 511 1555 570 ἡμῖν

136 588 348 638 ἐξουσίαν
377 594 540 633 πατεῖν
569 585 723 633 ἐπάνω
757 585 912 648 ὄψεων
936 594 1013 634 καὶ
1043 594 1290 651 σκορπίων.

526 856 798 916 Κεφάλαιον
842 857 1164 915 πεντηκοστόν.

250 969 755 1027 ,,Ἐξολοθρεύσασθε2)
787 974 968 1029 σπέρμα
999 972 1048 1015 ἐκ
1066 973 1392 1026 Βαβυλῶνος.“
1427 967 1550 1016 ’Ἐστι

136 1067 200 1099 τις
229 1047 342 1105 ἀνὴρ
370 1044 680 1104 Βαβυλώνιος,
714 1050 790 1090 καὶ
822 1046 987 1103 νήπιον
1017 1046 1336 1103 Βαβυλώνιον·
1377 1051 1455 1092 καὶ
1485 1051 1559 1094 δεῖ

135 1123 249 1184 πρὸς
278 1122 452 1174 τούτοις
481 1124 800 1181 ἀγωνίζεσθαι,
834 1128 1063 1169 τουτέστιν
1093 1122 1120 1178 ἢ
1152 1124 1266 1183 πρὸς
1298 1123 1494 1183 μεγάλα,
1526 1123 1553 1181 ἢ

135 1202 248 1260 πρὸς
279 1205 363 1246 νῦν
393 1199 628 1260 ἀρχόμενα
656 1200 801 1256 πάθη.
861 1200 991 1256 Πλὴν
1030 1201 1377 1261 ,,μακα’ριος,3)
1420 1199 1467 1252 ὃς
1497 1200 1555 1247 ἂν

1076 1281 1104 1303 “
1135 1277 1216 1323 τὸν
1245 1279 1468 1337 Χριστὸν,
1499 1279 1553 1323 τὰ

136 1279 359 1340 κρατήσας
388 1280 586 1338 ἔδαᾳίσῃ
619 1276 734 1335 πρὸς
761 1277 843 1333 τὴν
872 1283 1069 1336 πέτραν,

137 1354 276 1412 νήπια
313 1358 609 1411 Βαβυλῶνος,
653 1359 765 1410 πρὶν
804 1359 865 1405 εἰς
900 1352 1071 1414 ἄνδρας
1106 1359 1406 1414 προελθῶσιν.
1458 1351 1555 1401 ”En

137 1435 187 1478 δὲ
216 1431 558 1492 μακαριώτερον
589 1434 909 1489 ἕξολοθρεῦσαι
924 1432 1226 1489 Βαβυλώνιον
1245 1437 1441 1490 σπέρμα,
1472 1436 1555 1478 λο-

135 1509 306 1568 γισμὸν
336 1508 546 1565 δηλονότι
576 1508 863 1567 συγχυτικόν.
907 1510 1147 1555 Ἐναντίον
1173 1511 1224 1555 δὲ
1243 1508 1386 1567 τούτῳ
1410 1513 1554 1570 σπέρ-

135 1605 218 1644 μα,
249 1589 354 1646 περὶ
386 1578 439 1631 οὗ
470 1590 692 1633 λέλεκται·
724 1585 1064 1646 ,,μακάριος,4)
1094 1584 1145 1638 ὃς
1175 1589 1265 1645 ἔχει
1292 1593 1475 1647 σπέρμα
1504 1587 1555 1632 ἐν

136 1662 329 1709 Σιών·“
361 1668 460 1708 καί·
494 1661 745 1723 ,,μιικάριοι
764 1663 804 1721 ⁵)
839 1667 882 1708 οἱ
911 1668 1170 1721 σπείροντες
1198 1665 1276 1709 ἐπὶ
1303 1667 1400 1709 πᾶν
1414 1663 1553 1723 ὕδωρ,

138 1734 190 1787 οὗ
221 1745 328 1798 βοῦς
356 1744 433 1785 καὶ
466 1737 570 1790 ὄνος
599 1742 781 1785 πατεῐ.“
843 1740 907 1785 Οὐ
935 1740 1086 1799 μόνον
1117 1737 1264 1799 ἄνδρα
1292 1740 1419 1798 τινα,
1450 1741 1557 1787 οὐδὲ

136 1820 350 1874 παιδίον,
392 1817 507 1862 ἀλλὰ
544 1821 622 1861 καὶ
657 1815 810 1877 μόνον
847 1822 1057 1878 σπέρμα·
1100 1817 1293 1863 δύναται
1321 1817 1413 1878 γὰρ
1441 1835 1557 1878 καρ-

137 1900 367 1953 ποφορεῖν
405 1892 768 1954 γεωργούμενον.
841 1900 992 1939 Ποῖον
1036 1896 1087 1939 δὲ
1129 1895 1179 1940 τό
1218 1894 1366 1956 ὕδωρ,
1417 1895 1487 1953 ἐφ’
1529 1893 1553 1940 ὃ

139 1977 341 2030 σπείρειν
380 1973 454 2016 δεῖ
489 1970 538 2015 τό
575 1970 718 2015 καλὸν
747 1975 952 2030 σπέρμα,·
999 1974 1061 2017 Τὸ
1101 1976 1176 2029 τῆς
1204 1976 1555 2031 παλιγγενεσίας

138 2047 340 2108 λουτρόν.
395 2049 521 2093 Ἐκεῖ
554 2051 663 2104 βοῦς
699 2052 776 2092 καὶ
819 2045 922 2099 ὄνος
959 2055 1114 2105 πατεῖ,
1153 2053 1263 2105 βοῦς
1301 2048 1323 2094 ὃ
1355 2048 1559 2108 καθαρὸς

139 2131 216 2173 καὶ
241 2127 522 2184 ’Ῑσραηλίτης,
555 2121 660 2175 ὄνος
691 2124 713 2169 ὁ
730 2127 786 2170 ἐκ
811 2130 972 2184 γένους
995 2124 1251 2188 ἀκάθαρτός
1270 2129 1408 2171 τεκαὶ
1424 2128 1555 2172 ἐθνι-

142 2203 232 2254 κός.
310 2202 529 2260 Σύμβολα
568 2202 618 2246 δὲ
654 2206 795 2247 ταῦτα
828 2201 885 2246 τὰ
930 2206 1015 2254 ζῶα
1063 2207 1142 2248 τοῦ
1186 2207 1553 2262 καταγγελλομέ-

143 2298 225 2326 νου
255 2278 395 2337 λόγου
424 2256 516 2328 τοῖς
540 2279 842 2339 Ἰσραηλίταις,
874 2283 948 2323 καὶ
979 2283 1058 2325 τοῦ
1087 2284 1426 2339 κεκηρυγμένου
1466 2286 1557 2330 τοῖς

141 2361 338 2404 ἔθνεσιν.

258 2437 553 2491 ,,Κατέχοντα
570 2433 613 2490 ⁶)
643 2434 875 2493 δρέπανον
901 2435 952 2479 ἐν
971 2436 1115 2495 καιρῷ
1135 2438 1413 2492 θερισμοῦ.“
1458 2442 1560 2480 Κα-

264 2609 304 2663 ι)
336 2608 489 2648 Psalm.
519 2606 635 2657 XCI,
667 2606 731 2651 13.
764 2608 900 2665 (XC.)
1019 2609 1062 2665 ²)
1090 2608 1246 2650 Jerem.
1277 2609 1326 2660 L,
1357 2608 1421 2653 16.

263 2678 306 2734 ³)
338 2677 424 2719 Cfr.
454 2676 607 2718 Psalm.
641 2675 901 2735 CXXXVII,
927 2679 968 2724 9.
1001 2678 1282 2736 (CXXXVI.)

263 2747 306 2803 ⁴)
339 2747 424 2788 Cfr.
454 2747 578 2788 Jesai.
609 2747 770 2799 XXXI,
799 2748 838 2793 9.
960 2749 1003 2806 ⁵)
1031 2749 1154 2792 Jesai.
1184 2748 1369 2800 XXXII,
1399 2748 1466 2793 20.

268 2819 311 2873 ⁶)
339 2818 494 2860 Jerem.
524 2818 571 2867 L,
604 2816 669 2861 16.
