1763 3112
259 64 344 109 252
685 69 906 114 Omanms
934 84 979 114 m
1009 73 1246 115 JEREMIAM

259 184 422 241 αὐτὴν,
462 180 616 230 ὁσάκις
650 180 850 237 ἠθέλησα
888 182 1158 233 ἐπισυνάξαι
1200 183 1253 226 τὰ
1293 187 1427 228 τέκνα
1465 202 1570 244 σου,
1614 186 1668 234 ὃν

257 262 429 322 τρόπον
459 256 580 320 ὅρνις
616 258 879 316 ἐπισυνάγει
917 259 971 303 τιὶ
1011 266 1173 303 νοσσία
1204 258 1294 304 ὑπὸ
1323 260 1400 310 τὰς
1428 268 1666 322 πτέρυγας,

258 344 334 385 καὶ
364 338 446 384 οὐκ
473 334 742 393 ἠθελήσατε;
799 335 937 392 Ἰδοὺ,
981 337 1163 395 ἀφίεται
1193 337 1306 396 ὑμῖν
1336 337 1358 382 ὁ
1392 336 1512 390 οἶκος
1539 340 1673 399 ὑμῶν

255 416 484 477 ἔρημος·“
524 417 839 457 καταλιπέσθω
879 411 987 469 αὕτη
1025 413 1395 474 ἡἿερουσαλὴμ,
1439 415 1496 465 ὡς
1528 434 1670 461 κατα-

255 498 493 540 λέλειπται.
558 493 612 534 Οἱ
639 486 850 547 ἄγγελοι,
894 493 937 534 οἱ
967 489 1037 535 ἀεὶ
1065 495 1338 546 βοηθοῦντες
1365 496 1414 553 τῇ
1442 491 1670 551 Ἰερουσα-

253 572 369 630 λὴμ,
402 570 455 614 δι’
487 559 550 611 ὧν
581 565 764 622 διετιίγη
793 570 866 610 καὶ
900 566 922 610 ὁ
956 573 1163 617 ΆΙωσέως
1196 567 1349 626 νόμος,
1382 573 1608 629 διαταγεὶς
1630 573 1669 629 “)

252 650 306 694 δι’
341 648 547 705 ἀγγέλων
584 645 634 686 ἓν
661 646 784 703 χειρὶ
811 651 1027 703 μεσίτου,
1070 648 1438 690 καταλιπέτωσαν
1476 647 1557 703 τὴν
1583 648 1666 694 Ἱε-

252 723 500 785 ρουσαλὴμ,
519 723 593 764 καὶ
617 723 892 778 λεγέτωσαν·
924 720 978 765 τὰ
1004 720 1306 781 ἁμαρτήματα
1329 723 1462 780 αὐτῆς
1485 725 1664 782 μεγάλα

250 809 427 862 γέγονε,
460 799 539 843 τὸν
557 799 598 855 ²)
625 798 800 852 Ἰησοῦν
830 799 1113 855 ἀπέκτειναν,
1147 801 1222 843 ἐπὶ
1253 799 1332 844 τὸν
1360 802 1562 859 Χριστὸν
1590 801 1668 853 τὰς

241 886 397 938 χεῖρας
446 873 807 931 ἔπιβεβλήκασιν.
870 875 1064 932 Ὅσον3)
1109 878 1171 920 ἔτι
1220 877 1463 938 μικρότερα
1507 872 1565 934 ἦν
1609 878 1664 924 τὰ

248 953 575 1014 ἁμαρτήματα,
621 951 886 1011 ἐδυνάμεθα
925 956 988 999 ἔτι
1026 957 1130 1010 περὶ
1172 953 1320 997 αὐτῶν
1362 955 1540 1012 ἀξιοῦν,
1588 961 1665 1000 καὶ

248 1034 550 1091 παρακαλεῖν,
582 1027 847 1088 ἐδυνάμεθα
880 1034 1123 1090 φείδεσθαι
1153 1034 1229 1084 τῆς
1255 1029 1569 1090 Ἰερουσαλήμ·
1599 1039 1665 1084 τίς

245 1114 320 1155 ἐπὶ
348 1106 488 1164 τούτῳ
520 1111 747 1164 ᾳείσεταῃ
794 1106 905 1151 Ἐὰν
940 1105 1217 1166 ἁμαρτάνων
1247 1106 1423 1169 ἁμάρτῃ
1453 1110 1571 1168 ἀνὴρ
1602 1116 1663 1161 εἰς

244 1184 412 1242 ἄνδρα,
475 1188 551 1227 καὶ
601 1183 895 1239 προσεύξεται
942 1189 1047 1242 περὶ
1096 1184 1249 1229 αὐτοῦ.
1325 1185 1660 1247 ,,Ἁμαρτίαν”)

241 1263 442 1323 ἥμαρτεν
474 1259 789 1317 Ἰερουσαλὴμ,
837 1259 913 1303 δια
955 1264 1084 1305 τοῦτο
1131 1265 1192 1310 εἰς
1234 1259 1380 1305 σάλον
1417 1264 1660 1320 ἐγένετο·“

241 1345 318 1385 καὶ
347 1344 523 1396 λέγεται
551 1335 665 1397 πρὸς
694 1337 836 1392 αὐτὴν
864 1335 1030 1393 ταύτην
1059 1340 1263 1395 πρῶτον·
1307 1340 1467 1397 ,,τίς5)
1499 1347 1658 1399 φείσε-

240 1437 314 1462 ται
342 1419 418 1461 ἐπὶ
446 1417 495 1460 σὲ
517 1413 833 1471 Ἱερουσαλήμ;
865 1419 943 1458 καὶ
973 1420 1036 1463 τίς
1065 1413 1389 1472 σκυθρωπάσει
1419 1417 1495 1459 ἐπὶ
1526 1421 1656 1472 σοί;“

237 1495 391 1553 “Ημεῖς
423 1492 474 1537 οὐ
507 1491 898 1553 σκυθρωπιέζομεν
928 1493 1004 1536 ἐπὶ
1034 1495 1083 1551 τῇ
1111 1490 1423 1551 Ἰερουσαλὴμ,
1456 1497 1532 1537 καὶ
1562 1501 1659 1546 ταῖς

240 1576 500 1631 συμφοραῖς
539 1570 693 1626 αὐτῆς,
736 1573 813 1614 καὶ
850 1575 944 1620 τοῖς
978 1574 1243 1627 γενομένοις
1280 1574 1418 1613 παντὶ
1454 1575 1514 1628 τῷ
1557 1576 1653 1631 λαῷ

239 1654 417 1706 ἐκείνῳ·
465 1651 527 1704 τῷ
575 1646 666 1706 γὰρ
714 1649 902 1693 ἐκείνων
942 1644 1333 1705 παραπτώματιθ)
1380 1645 1407 1702 ἡ
1460 1657 1655 1708 σωτηρία

237 1728 369 1786 ἡμῶν
412 1730 629 1782 γέγονεν,
678 1728 739 1773 εἷς
779 1723 828 1768 τὸ
868 1726 1188 1782 παραζηλῶσαι
1228 1721 1400 1774 αὐτούς.
1461 1731 1554 1770 Καὶ
1602 1728 1653 1774 τὸ

235 1803 528 1864 παράπτωμα
561 1800 710 1844 αὐτῶν
738 1799 974 1855 τηλικαύτη
1005 1806 1196 1858 γέγονεν
1226 1800 1446 1859 ἁμαρτία·
1488 1811 1595 1861 ,,τίς
1609 1806 1651 1862 ⁷)

239 1877 323 1929 οῦν
352 1887 556 1940 φείσεται
595 1879 671 1922 ἐπὶ
711 1881 785 1921 σοὶ
812 1876 1174 1936 (Ιερουσαλήμῇζ
1229 1883 1368 1936 Λέγω
1411 1881 1525 1941 πρὸς
1565 1884 1652 1928 αὖ-

235 1960 338 2018 τήν·
385 1953 648 2005 ἀπέκτεινας
686 1972 778 2012 μου
819 1955 898 1999 τόν
926 1954 1127 2010 Ἰησοῦν·
1176 1958 1253 1998 καὶ
1292 1960 1433 2014 λέγω·
1481 1966 1590 2014 ,,τίς
1606 1962 1651 2018 ⁸)

236 2045 441 2099 φείσεται
484 2037 562 2080 ἐπὶ
608 2036 682 2077 σοὶ
719 2030 1036 2091 Ἶερουσαλήμ,·
1098 2034 1176 2075 καὶ
1216 2036 1281 2082 τίς
1325 2035 1649 2096 σκυθρωπάσει

233 2120 310 2164 ἐπὶ
339 2115 477 2169 σοι’,·“

344 2195 384 2238 2.
428 2193 704 2246 Μεταβαίνω
741 2187 833 2232 ἀπὸ
871 2190 949 2231 τοῦ
988 2185 1259 2246 γράμματος
1296 2190 1374 2230 καὶ
1408 2187 1506 2233 τότε
1537 2187 1650 2234 ὁδὸν

233 2270 490 2331 ἐσχηκότος,
522 2265 581 2324 ἣν
610 2268 780 2312 ἔδωκεν
811 2264 833 2310 ὁ
863 2263 1017 2323 λόγος,
1050 2264 1127 2308 ἐπὶ
1156 2262 1348 2320 ἑκάστην
1377 2265 1533 2324 ψυχὴν
1561 2264 1646 2323 ἤδη

348 2413 387 2469 ¹)
420 2411 555 2454 Galat.
583 2410 672 2459 ΠΙ,
703 2408 769 2452 19.

345 2483 388 2540 2)
418 2483 472 2524 H.
503 2492 545 2521 et
571 2481 622 2521 R.
652 2481 694 2520 in
723 2489 861 2519 textu:
912 2506 941 2531 ,,
955 2474 1033 2518 τὸν
1066 2473 1308 2531 Ἰσραήλ,“
1346 2476 1476 2518 iidem
1504 2488 1645 2518 tamen

233 2542 278 2583 in
306 2540 437 2582 notis:
469 2538 618 2589 ‚‚lege:
648 2535 728 2579 τὸν
754 2534 978 2588 Ἰησοῦν.“

343 2611 386 2666 3)
415 2609 524 2650 Edd.
555 2608 606 2648 H.
637 2621 879 2662 perperam:
917 2602 1055 2646 εὈσοι)
1086 2604 1147 2645 ἔτι
1179 2606 1270 2645 κτλ.

344 2681 387 2737 4)
418 2680 572 2721 Z'hren.
602 2676 645 2726 I,
673 2674 712 2718 8.
833 2676 873 2727 ⁵)
906 2674 991 2716 Cfr.
1021 2674 1177 2715 Jerem.
1208 2674 1302 2723 XV,
1333 2674 1372 2715 5.

344 2754 387 2807 5)
420 2751 507 2792 Cfr.
535 2749 661 2789 Rom.
691 2747 775 2795 XI,
810 2744 874 2787 11.
995 2742 1034 2797 ⁷)
1067 2744 1221 2785 Jerem.
1252 2743 1345 2792 XV,
1376 2744 1414 2785 5.

342 2823 386 2877 ⁸)
418 2821 503 2864 Cfr.
533 2819 688 2862 Jerem.
718 2817 811 2866 XV,
838 2817 879 2859 5.
