1763 3112
195 47 281 92 270
623 46 843 89 OmGEms
874 59 917 88 m
947 46 973 87 J
977 57 1185 87 Enssmum

195 164 287 209 τοῖς
325 156 694 204 ἀποκτεινάντων
732 157 1053 213 δικαιοσύνην,
1111 160 1150 201 εἰ
1191 156 1384 214 Χριστὸς
1432 158 1608 203 δικαιο-

196 233 331 292 σύνη·
375 233 744 282 ἀποκτεινάντων
785 235 868 289 τήν
905 238 1101 292 σοᾳιάν,
1145 238 1183 278 εἰ
1214 232 1409 292 Χριστὸς
1440 242 1609 294 σοφία·

195 310 563 358 ἀποκτεινάντων
593 311 828 367 ἀλήθειαν,
861 315 899 356 εἰ
927 310 1121 370 Χριστὸς
1151 310 1356 365 ἀλήθεια.
1403 311 1493 355 Διά
1522 311 1613 372 γὰρ

195 393 275 434 τοῦ
317 390 721 434 καταδεδικακέναι
761 390 836 432 ἐπὶ
883 386 1070 444 θανάτῳ
1108 387 1189 432 τὸν
1228 387 1330 433 υἱὸν
1369 392 1447 433 τοῦ
1485 392 1611 446 θεοῦ,

195 470 333 511 ταῦτα
363 465 512 510 πάντα
554 466 806 522 ἀπέβαλον,
849 467 925 508 καὶ
963 463 1218 519 ἀπώλεσαν.
1286 470 1378 516 Καὶ
1418 465 1615 516 ἀναστάς

193 561 285 601 μου
318 542 340 589 ὁ
373 542 523 604 κύριος
549 543 718 598 Ἰησοῦς
747 543 795 586 ἐκ
822 545 1008 599 νεκρῶν,
1045 541 1191 587 οὐκέτι
1211 541 1359 600 ἐφάνη
1378 549 1470 593 τοῖς
1492 543 1614 587 ἀπο-

193 626 423 666 κτείνασιν
461 617 623 664 αὐτόν·
672 618 723 663 οὐ
776 617 866 676 γὰρ
906 620 1072 676 ἔχομεν
1116 619 1166 663 ἐν
1205 622 1254 680 τῇ
1294 622 1493 679 ἱστορίᾳ,
1546 618 1613 665 ὅτι

193 696 346 758 ἐφάνη
385 703 477 747 τοῖς
517 696 839 741 ἀποκτείνασιν
877 695 1039 752 αὐτὸν,
1074 695 1189 740 ἀλλά
1218 695 1389 758 μόνοις,
1409 703 1501 748 τοῖς
1532 715 1610 741 πι-

193 774 432 820 στεύουσιν
464 772 611 832 ἐᾳάνη
644 771 841 822 ἀναστὰς
872 773 963 818 ἀπὸ
997 779 1180 832 νεκρῶν.

306 852 373 898 13.
404 851 585 909 ,,Καὶῑ)
619 848 954 895 καταδουλώσω
995 867 1043 897 σε
1087 853 1136 895 ἐν
1165 854 1281 895 πᾶσι
1310 856 1402 900 τοῖς
1433 851 1614 911 ἐχθροῖς

906 930 935 952 “
1003 926 1413 974 Καταδειῖούλωται
1453 927 1475 971 ὁ
1507 927 1613 977 λαός

192 945 275 974 σου
306 930 356 974 ἐν
392 933 442 989 τῇ
479 932 537 989 γῇ
581 930 602 989 ᾖ
644 927 726 972 οὐκ
764 924 898 988 ᾔδεις.

193 1008 363 1057 ἐκεῖνος
401 1008 451 1050 ἐν
488 1011 581 1055 τοῖς
611 1006 815 1062 ἐχθροῖς,
865 1007 942 1048 καὶ
980 1009 1173 1063 γέγονεν
1215 1007 1265 1050 ἐν
1302 1008 1352 1066 τῇ
1385 1007 1440 1066 γῇ
1471 996 1497 1066 ᾗ
1530 1005 1612 1049 οὐκ

194 1080 306 1145 ᾔδει.
366 1081 485 1139 ,ξΌτι
502 1083 544 1138 2)
587 1085 678 1139 πῦρ
723 1083 986 1127 ἐκκέκαυται
1017 1084 1066 1127 ἐκ
1095 1086 1173 1127 τοῦ
1204 1087 1356 1142 θυμοῦ
1385 1100 1500 1139 μου,
1540 1081 1610 1140 ἐφ’

639 1160 668 1181 “
737 1158 871 1203 Meu}
909 1163 1046 1203 ταῦτα
1089 1164 1165 1205 καὶ
1202 1159 1304 1210 τοὺς
1334 1158 1497 1217 λόγους
1525 1161 1615 1204 τῶν

191 1160 312 1218 ὑμᾶς
340 1157 632 1215 καυθήσεται.

191 1238 394 1282 ἀπειλῶν
422 1239 512 1280 τῶν
543 1238 794 1295 εἰρημένων
831 1235 944 1292 πρὸς
984 1235 1065 1281 τὸν
1094 1236 1207 1281 λαόν
1238 1238 1445 1295 ἀνωτέρω
1477 1234 1614 1287 εὐξά-

187 1331 327 1374 μενος
355 1316 619 1371 συμπληροῖ
645 1311 726 1369 τὴν
756 1311 916 1372 εὐχὴν,
965 1317 1043 1357 καὶ
1071 1312 1160 1370 ,,σι)
1176 1315 1218 1371 3)
1250 1312 1456 1368 ἅπαντα,
1499 1315 1613 1372 φησὶ

188 1397 280 1442 τοῖς
316 1395 684 1451 προειρημένοις,
727 1394 869 1435 ταῦτα
910 1389 965 1434 σύ
1006 1392 1172 1448 ἔγνως,
1205 1389 1352 1448 κύριε,
1383 1389 1617 1447 μνήσθητί

189 1486 296 1525 μου,
331 1472 406 1512 καὶ
438 1469 690 1524 ἐπίσκεψαί
715 1485 798 1524 με,
832 1470 909 1511 καὶ
939 1466 1167 1513 ἀθώωσόν
1195 1485 1254 1526 με
1286 1466 1378 1512 ἀπὸ
1407 1470 1498 1512 τῶν
1527 1485 1612 1510 κα-

191 1544 512 1591 ταδιωκόντων
540 1562 623 1605 με,
669 1544 733 1603 μὴ
775 1549 836 1595 εἷς
871 1547 1250 1604 μακροθυμίαν.“
1314 1548 1408 1588 Καὶ
1439 1543 1461 1589 ὀ
1492 1562 1613 1604 προ-

191 1621 335 1683 φήτης
365 1626 529 1680 λεγέτω
558 1626 697 1667 ταῦτα
731 1623 1010 1681 διωκόμενος
1041 1621 1131 1668 ὑπὸ
1160 1626 1251 1667 τῶν
1280 1624 1609 1680 ἐλεγχομένων,

188 1698 466 1758 μισούμενος
515 1697 607 1743 ὑπὸ
654 1703 746 1745 τῶν
798 1699 880 1755 τὴν
932 1698 1153 1756 ἀλήθειαν
1201 1699 1265 1758 μὴ
1305 1697 1610 1759 χωρούντων·

190 1777 354 1836 ἐχθρὸς
395 1775 485 1834 γὰρ
524 1781 687 1835 γέγονε
731 1783 824 1827 τοῖς
871 1776 1117 1822 ἀκούουσιν
1160 1776 1398 1832 ἀληθεύων
1443 1777 1609 1827 αὐτοῖς.

195 1857 346 1898 Ταῦτα
379 1855 429 1898 δὲ
459 1857 536 1897 καὶ
568 1853 590 1898 ὁ
624 1853 773 1912 σωτήρ
806 1852 938 1910 ἡμῶν
967 1857 1144 1910 λεγέτω,
1176 1852 1294 1904 ὅστις
1320 1857 1396 1898 καὶ
1413 1852 1611 1912 ἐδιώχθη

188 1930 279 1979 ὑπὸ
321 1934 399 1976 τοῦ
444 1933 581 1987 λαοῦ,
629 1935 711 1974 καί
738 1946 873 1989 φησι·
921 1929 1074 1989 ,,μὴ4)
1122 1933 1183 1979 εἷς
1230 1934 1612 1988 μακροθυμίαν.“

193 2014 253 2053 Τί
280 2010 374 2054 ἐστι
404 2007 479 2053 τό·
519 2007 676 2064 ,,μὴ5)
721 2013 782 2058 εἷς
818 2008 1216 2066 μακροθ·υμίαν;“
1250 2006 1610 2066 Ἐμακροθύμη-

187 2100 270 2136 σας
307 2086 378 2132 ἀεὶ
416 2087 492 2130 ἐπὶ
530 2084 611 2130 τὸν
634 2083 762 2129 ’λαὸν
802 2086 878 2129 ἐπὶ
917 2090 1010 2134 τοῖς
1051 2081 1405 2143 ἁμαρτήμασιν·
1451 2086 1528 2130 ἐπὶ
1559 2086 1611 2131 δὲ

186 2170 280 2214 τοῖς
308 2163 400 2208 κατ’
452 2165 567 2222 ἐμοῦ
607 2166 952 2219 τετολμημένοις
988 2161 1050 2219 μὴ
1090 2161 1460 2222 μακροθυμήσῃς.
1518 2165 1611 2206 Καὶ

188 2241 367 2298 ἀληθῶς
401 2239 563 2294 ὁθεὸς
594 2239 676 2284 οὐκ
703 2237 1098 2298 ἐμακροθύμησεν.
1141 2238 1252 2282 Ἐιὶν
1274 2238 1478 2300 ἐξετάσῃς
1505 2238 1610 2290 τούς

179 2316 378 2378 χρόνους
406 2321 484 2363 τοῦ
513 2315 695 2368 πάθους
724 2320 802 2361 καὶ
831 2319 908 2372 τῆς
945 2314 1157 2365 πτώσεως
1184 2314 1498 2373 Ἰερουσαλὴμ,
1529 2320 1607 2360 καὶ

185 2399 479 2454 κατασκαφῆς
508 2397 583 2450 τῆς
610 2391 805 2449 πόλεως,
852 2397 930 2438 καὶ
967 2399 1068 2438 τίνα
1106 2391 1278 2451 τρόπον
1315 2394 1606 2451 ἐγκατέλιπεν

305 2585 345 2639 ¹)
373 2582 528 2624 Jerem.
558 2583 652 2632 XV,
687 2582 751 2625 14.
873 2583 915 2638 2)
945 2582 1100 2624 Jerem.
1132 2582 1225 2633 XV,
1260 2582 1324 2626 14,

299 2655 341 2709 3)
374 2653 460 2694 Cfr.
490 2652 767 2702 Jerem.1XV,
801 2652 865 2695 15.
900 2678 950 2684 —
983 2652 1092 2694 Edd.
1124 2652 1176 2694 H.
1208 2668 1455 2709 perperam:
1487 2651 1603 2705 ,,σι>ν

185 2709 297 2765 ἅπα,
333 2712 479 2767 ᾳησί“
511 2713 601 2752 κτλ.

298 2780 341 2836 4)
368 2779 524 2821 Jerem.
553 2779 647 2831 XV,
678 2778 743 2822 15-
863 2778 906 2833 5)
935 2777 1091 2819 Jerem.
1123 2778 1216 2829 XV,
1251 2778 1315 2821 15.
