1763 3112
610 120 806 162 HommA
836 120 949 161 XIV.
1411 128 1493 173 257

81 231 374 290 καμνόντων,
412 229 472 280 ὠς
514 229 758 280 κωλύοντες
795 233 978 291 τρυφᾷν
1021 234 1099 274 καὶ
1135 231 1494 295 θρύπτεσθαι,ῑ)

81 309 185 360 τοὺς
213 312 290 353 καὶ
318 309 369 353 ἐν
398 305 550 357 νόσοις
577 310 882 363 βουλομένους
908 307 973 364 μὴ
1008 306 1062 351 τὰ
1093 304 1197 358 ἄξια
1227 313 1317 354 τῶν
1344 313 1493 359 νόσων

82 385 343 444 λαμβάνειν.
405 383 667 441 Φεύγουσιν
703 376 786 428 οὖν
816 387 861 428 οἱ
892 383 1135 429 ἀκόλαστοι
1164 388 1256 431 τῶν
1285 389 1493 445 καμνόν-

81 464 173 509 των
209 459 410 518 ἰατροὺς,
460 460 677 510 πολλάκις
714 460 866 511 αὐτοῖς
905 465 983 506 καὶ
1026 462 1373 522 λοιδορούμενοι
1417 471 1494 510 καὶ

80 541 433 595 κακολογοῦντες
461 537 648 594 αὐτούς,
687 541 764 582 καὶ
794 542 894 583 πᾶν
933 537 980 594 ὅ,
1002 544 1220 585 τιποτοῦν
1257 544 1494 593 ποιοῦντες

81 614 105 662 ὃ
136 614 365 669 ποιήσειεν
402 613 460 659 ἄν
500 613 662 674 ἐχθρὸς
698 616 895 674 ἐχθρῶν.
960 616 1375 664 Ἐπιλανθάνονται
1403 619 1493 678 γὰρ

78 685 223 747 οὗτοι,
273 690 340 736 ὅτι
370 690 428 741 ὠς
467 696 595 750 φίλοι
634 698 986 750 προσέρχονται,
1035 693 1299 753 ἀφορῶντες
1339 699 1400 746 εἷς
1442 695 1492 741 τὸ

76 771 304 815 ἐπίπονον
333 771 409 824 τῆς
438 770 623 825 διαίτης,
657 773 718 819 εἷς
746 768 796 814 τὸ
827 770 1053 814 ἐπίπονον
1083 770 1174 816 ἀπὸ
1206 771 1396 830 σιδήρου
1414 777 1490 816 ἰα-

74 851 194 908 τρῶν
223 848 409 903 πληγῆς,
445 846 526 890 οὐκ
556 850 618 895 εἰς
646 846 695 890 τὸ
725 850 848 895 τέλος
877 845 926 890 τὸ
955 845 1071 905 μετὰ
1102 846 1183 892 τὸν
1211 846 1381 905 πόνον,
1414 854 1491 893 καὶ

70 926 287 983 μισοῦσιν
315 920 374 971 ὡς
403 926 599 979 πατέρας
627 922 785 966 πόνων
811 921 974 979 μόνον,
1009 923 1110 980 οὐχὶ
1141 925 1191 968 δὲ
1219 923 1378 970 πόνων
1402 943 1490 984 φε-

74 999 250 1061 ρόντων
280 1000 357 1043 ἐπὶ
385 997 564 1057 ὑγίειαν
590 997 694 1047 τούς
721 1002 1082 1056 ἴατρευομένους.

185 1077 224 1121 2.
250 1075 298 1120 Ὁ
340 1075 448 1126 λαός
483 1079 639 1120 τοίνυν
679 1077 874 1132 ἐκεῖνος,
929 1080 968 1122 εἷ
1005 1081 1083 1121 καὶ
1120 1082 1323 1123 ποικίλαι
1361 1078 1490 1125 νόσοι

71 1147 189 1212 ἦσαν
219 1155 268 1198 ἐν
298 1156 359 1210 τῷ
403 1155 499 1210 λαῷ
538 1155 600 1209 τῷ
633 1158 969 1212 χρηματίσαντι
997 1158 1076 1199 τοῦ
1108 1157 1242 1211 θεοῦ,
1283 1157 1490 1215 ἔπεμπεν

73 1232 225 1280 αὐτοῖς
252 1228 434 1289 ἰατροὺς
465 1227 487 1274 ὃ
518 1229 625 1279 θεὸς
654 1230 756 1280 τοὺς
784 1228 1038 1288 προφήτας.
1098 1227 1182 1282 Εἷς
1210 1234 1300 1276 τῶν
1322 1236 1489 1292 ἰατρῶν

70 1312 147 1354 καὶ
173 1307 385 1367 Ἱερεμίας
415 1299 485 1362 ἦν.
536 1302 731 1364 ’Ἡλεγχε
762 1306 864 1356 τοὺς
888 1306 1246 1366 ἁμαρτάνοντας,
1279 1310 1488 1368 ἐπιστρέ-

72 1401 181 1444 φειν
207 1380 485 1439 βουλόμενος
522 1381 623 1431 τοῦς
659 1385 807 1433 κακῶς
843 1382 1137 1439 πράττοντας,
1213 1388 1270 1429 Οἱ
1298 1387 1349 1431 δὲ
1380 1389 1487 1432 δέον

72 1459 257 1506 ἀκούειν
299 1462 390 1503 τῶν
430 1462 715 1517 λεγομένων,
770 1460 1055 1521 κατηγόρουν
1096 1465 1177 1505 τοῦ
1226 1462 1484 1522 προφήτου,

71 1542 148 1584 καὶ
191 1535 476 1594 κατηγόρουν
524 1538 597 1581 ἐπὶ
653 1539 870 1582 δικαστοῦ
922 1541 1242 1596 παραπλησίου
1300 1540 1484 1590 ἑαυτοῖς.

69 1618 163 1660 Καὶ
195 1614 265 1660 ἀεὶ
301 1615 351 1658 ἒν
391 1614 537 1663 δίκαις
577 1607 637 1668 ἧν
679 1612 701 1658 ὁ
733 1613 972 1675 προφήτης
1001 1617 1077 1660 ἐπὶ
1106 1617 1218 1671 τῶν,
1268 1614 1380 1661 ὅσον
1409 1619 1485 1662 ἐπὶ

68 1696 120 1754 τῇ
148 1695 403 1750 προφητείᾳ
433 1689 595 1746 αὐτοῦ,
628 1696 1030 1751 θεραπευθέντων,
1061 1690 1138 1735 διὰ
1169 1693 1220 1736 δὲ
1249 1692 1331 1749 τὴν
1360 1695 1485 1739 ἰδίαν

70 1770 310 1815 ἀπείθειαν
337 1765 402 1827 μὴ
432 1772 829 1825 θεραπευομένων.
869 1767 974 1812 Ἐπὶ
993 1765 1167 1818 τούτοις
1191 1766 1262 1812 ὁτὲ
1290 1771 1378 1826 μὲν
1405 1775 1481 1816 λέ-

68 1860 164 1906 γει·
203 1846 377 1904 ,,καὶ2)
417 1841 549 1889 εἶπα·
591 1844 644 1888 οὐ
683 1844 748 1901 μὴ
786 1842 992 1900 λαλήσω,
1035 1844 1143 1889 οὐδὲ
1170 1845 1234 1901 μὴ
1266 1846 1481 1904 ὀνομάσω

67 1922 117 1969 τὸ
149 1919 296 1979 ὄνομα
327 1927 497 1980 κυρίου.
555 1924 648 1964 Καὶ
678 1923 856 1981 ἐγένετο
887 1920 947 1972 ὥς
974 1924 1066 1981 πῦρ
1087 1920 1336 1980 καιόμενον
1365 1929 1481 1983 φλέ-

66 2017 156 2059 γον
184 2001 234 2044 ἐν
263 2005 357 2050 τοῖς
387 1999 556 2049 ὀστέοις
583 2016 696 2055 μου,
738 2002 815 2043 καὶ
856 1999 1080 2061 πάρειμαι
1108 1999 1366 2058 πάντοθεν,
1405 2008 1482 2047 καὶ

68 2077 122 2123 οὐ
153 2075 355 2133 δύναμαι
386 2077 614 2136 φέρειν·“
659 2074 731 2120 ὁτὲ
772 2078 828 2122 δέ
852 2093 1016 2136 φησιν,
1059 2077 1180 2136 ὁρῶν
1217 2078 1380 2123 ἑαυτὸν
1411 2080 1480 2125 ἀεὶ

69 2155 381 2212 δικαζόμενον,
410 2152 786 2216 λοιδορούμενον,
819 2152 1172 2211 ἐγκαλούμενον,
1205 2157 1479 2215 ψευδομαρ-

68 2231 372 2290 τυρούμενον·
410 2232 625 2289 ,,οἴμοι3)
663 2230 752 2288 ἐγώ
780 2230 952 2289 μήτηρ,
994 2230 1052 2281 ὠς
1088 2236 1190 2275 τίνα
1225 2248 1285 2291 με
1321 2233 1476 2289 ἔτεκες,

70 2310 236 2366 ἔλεγεν,
269 2305 428 2368 ἄνδρα,
462 2309 515 2353 οὐ
546 2307 865 2365 δικάζονταβ)
905 2308 1018 2352 ἀλλὰ
1049 2309 1371 2368 δικαζόμενον,
1401 2315 1479 2354 καὶ

72 2384 125 2428 οὐ
152 2386 456 2442 διακρίνοντα,
488 2385 600 2429 ἀλλὰ
631 2384 982 2444 διακρινόμενον
1010 2383 1134 2446 πάσῃ
1156 2389 1206 2446 τῇ
1236 2388 1355 2447 γῇ;“
1385 2391 1478 2431 Καὶ

69 2462 170 2506 ἐπεὶ
202 2464 244 2505 οἱ
274 2460 523 2516 κάμνοντες
560 2462 642 2507 οὐκ
678 2459 849 2518 ἤκουον
878 2462 1016 2507 αὐτοῦ
1047 2462 1160 2506 καλὰ
1191 2464 1474 2519 συμβουλεύ-

188 2642 228 2697 ¹)
259 2641 310 2682 H.
344 2654 384 2682 et
414 2643 463 2683 R.
496 2642 536 2683 in
566 2655 702 2684 textu:
733 2642 1009 2699 ,,ὓδεσι’)ιιι,“
1039 2645 1093 2686 Η.
1124 2658 1262 2686 tamen
1293 2646 1342 2686 ad
1369 2661 1476 2685 mar-

68 2697 220 2750 ginem,
251 2698 300 2738 R.
332 2698 373 2738 in
403 2699 537 2739 notis:
567 2701 709 2752 ,‚lege:
741 2699 1073 2756 {l-(›1J711561‘)cc1.*·

185 2768 227 2822 ²)
260 2767 346 2808 Cfr.
378 2769 533 2811 Jerem.
565 2770 661 2820 XX,
687 2769 725 2812 9.
844 2770 886 2826 ³)
918 2770 1004 2812 Cfr.
1035 2772 1187 2812 Jerem.
1219 2771 1312 2819 XV,
1343 2771 1409 2814 10.

183 2839 225 2893 ⁴)
255 2838 419 2879 Desunt
449 2840 597 2880 verba:
632 2839 928 2894 ,,δικάζοντα,
961 2840 1127 2896 ἀ).λα’,“
1160 2841 1202 2881 in
1234 2841 1298 2880 ed.
1331 2841 1480 2886 Ruaei.

69 2914 286 2957 Omanms
317 2915 486 2958 OPERA.
518 2917 638 2958 Tom.
660 2918 755 2958 XV.
1179 2917 1230 2959 17
