1763 3112
282 96 367 140 426
726 108 781 137 εκ
813 96 1025 140 OR1GENE
1060 97 1265 140 SELECTA

284 208 373 267 μὲν
400 206 451 253 τὸ
483 204 743 267 πρόχειρον,
773 206 1011 266 θησαυρὸν
1040 210 1115 253 δεῖ
1138 212 1288 268 λέγειν
1317 209 1366 254 τὸ
1396 207 1604 267 βούλημα
1623 214 1702 254 τοῦ

283 287 420 332 θεοῦ·
451 283 676 342 ,,αὗτὸς”)
705 281 797 341 γὰρ
828 281 954 340 εἶπε,
984 287 1062 328 καὶ
1092 284 1404 342 ἐγενήθησαν,
1437 286 1570 337 αὐτὸς
1599 288 1700 333 ἕνε-

283 367 472 419 τείλατο,
504 364 581 406 καὶ
611 361 935 418 ἐκτίσθησαν.“
988 366 1155 413 Εἴποις
1183 365 1235 408 δὲ
1264 368 1341 408 καὶ
1371 364 1555 421 ἀνέμων
1584 361 1701 409 εἶναι

282 437 563 498 θησαυροὺς,
609 441 810 483 τουτέστι
847 438 1135 497 πνευμάτων.
1203 442 1456 499 Πνεῦμαῖ)
1495 440 1586 499 γὰρ
1617 455 1699 485 σο-

283 521 395 576 φίας
423 519 499 560 καὶ
529 518 765 571 συνέσεως,
796 519 979 573 πνεῦμα
1009 519 1173 573 βουλῆς
1203 521 1279 561 καὶ
1308 517 1486 576 ἰσχύος,
1517 521 1701 575 πνεῦμα

281 592 491 652 γνώσεως
519 593 596 636 καὶ
625 591 872 648 εὐσεβείας,
924 598 1107 653 πνεῦμα
1138 593 1289 653 φόβου
1330 598 1467 651 θεοῦ,
1517 599 1700 653 πνεῦμα

281 668 535 727 δυνάμεως,
565 668 751 727 ἀγάπης
779 686 825 714 τε
855 672 933 713 καὶ
963 675 1320 730 σωφρονισμοῦ,
1351 664 1417 716 ὧν
1448 675 1491 717 οἱ
1521 679 1699 728 θησαυ-

281 751 355 806 ροὶ
385 745 595 805 Χριστὸς,
629 747 679 792 ἐν
710 738 745 804 ᾧ
779 749 822 791 οἱ
851 752 1077 805 θησαυροὶ
1106 752 1184 804 τῆς
1212 754 1380 807 σοφίας
1416 747 1695 808 ἀπόκρυφοι.

277 824 483 869 Ἐκεῖθεν
514 816 597 869 οὖν
619 827 947 884 χορηγοῦνται.
1011 828 1086 882 Τῷ
1117 826 1206 883 μὲν
1234 825 1324 884 γὰρ
1356 828 1535 871 δίδοται
1563 826 1698 884 λόγος

280 907 463 961 σοφίας,
483 897 604 960 ἄλλῳ
620 903 671 946 δὲ
687 903 871 960 πνεῦμα
890 900 1114 960 γνώσεως,
1147 902 1259 947 κατὰ
1285 902 1335 948 τὸ
1358 902 1468 948 αὐτὸ
1494 907 1694 961 πνεῦμα,
1761 915 1763 927 ·

277 981 355 1024 καὶ
382 977 437 1023 τὰ
472 979 585 1035 ἑξῆς.

389 1055 526 1113 ,‚‘O3)
556 1053 736 1106 πλάσας
764 1055 818 1100 τὰ
847 1055 1015 1112 πάντα,
1049 1056 1182 1107 αὐτὸς
1199 1060 1480 1117 κληρονομία
1501 1057 1695 1102 αὐτοῦ.“

276 1132 462 1182 Ἀκύλας
503 1135 581 1177 καὶ
630 1134 886 1178 Θεοδοτίων
931 1134 1176 1184 ἐξέδωκαν·
1226 1133 1292 1178 ὅτι
1345 1134 1367 1179 ό
1417 1133 1595 1185 πλάσας
1639 1134 1693 1179 τὰ

277 1208 429 1255 πάντα
459 1208 594 1259 αὐτός
626 1211 735 1266 ἔστι,
768 1213 845 1253 καὶ
869 1209 1047 1268 Ἰσραὴλ
1077 1210 1244 1269 ῥάβδος
1273 1215 1577 1272 κληρονομίας
1606 1213 1693 1257 αὐ-

275 1289 370 1332 τοῦ.
429 1283 550 1332 Εἷπε
578 1289 651 1332 δέ·
680 1285 855 1343 Ἰσραὴλ
883 1285 1052 1348 ῥάβδος
1079 1292 1383 1346 κληρονομίας
1404 1290 1555 1335 αὐτοῦ.
1605 1296 1693 1335 Εἴ-

275 1368 393 1422 ληφε
423 1363 479 1407 δὲ·
515 1367 592 1408 καὶ
629 1362 684 1408 τὰ
722 1366 833 1420 ἔθνη
880 1367 1214 1423 κληρονομίαν,
1263 1365 1377 1411 κατὰ
1413 1365 1489 1411 τό·
1529 1373 1691 1424 „edm—

275 1456 353 1486 σαι
369 1441 412 1498 ⁴²)
442 1441 547 1502 παρ’
581 1443 720 1500 ἐμοῦ,
751 1443 829 1485 καὶ
858 1439 990 1486 δώσω
1023 1457 1095 1487 σοι
1126 1444 1238 1499 ἔθνη
1269 1444 1354 1498 τήν
1383 1447 1692 1505 κληρονομίαν

274 1521 409 1566 σου.“
470 1516 630 1565 ’Έσται
668 1523 747 1565 καὶ
775 1518 831 1564 τὰ
859 1519 972 1575 ἔθνη
997 1518 1190 1580 Ἰσραήλ.

698 1794 968 1855 Κεφάλαιον
998 1799 1256 1847 ἑνδέκατον.

384 1911 567 1968 ,,Καὶ5)
597 1911 761 1955 ἔσεσθέ
784 1926 867 1967 μοι
896 1913 958 1960 εἰς
986 1909 1151 1956 λαόν.“
1205 1919 1464 1976 Τοιγαροῦν
1495 1916 1518 1961 ὁ
1539 1918 1687 1975 ἐπαγ-

270 1987 541 2048 γειλάμενος
568 1983 685 2033 εἶναι
713 1985 834 2043 λαός,
865 1992 1058 2044 γέγονεν
1088 1989 1141 2033 οὐ
1170 1990 1294 2050 λαός,
1327 1996 1404 2035 καὶ
1435 1997 1478 2037 οἱ
1501 1994 1552 2038 οὐ
1576 1999 1687 2054 πρὶν

270 2065 393 2122 λαὸς,
423 2062 686 2129 γεγόναμεν
713 2062 838 2114 λαός·
873 2069 1214 2127 παραζηλωθεὶς
1239 2068 1332 2127 γὰρ
1372 2071 1438 2114 ἐπ’
1484 2072 1537 2115 οὐ
1575 2076 1685 2129 θεῷ,

269 2141 586 2203 παρεζήλωσεν
615 2143 776 2193 αὐτους
804 2142 871 2187 ἐπ’
906 2143 988 2188 οὐκ
1018 2145 1167 2201 ἔθνει,
1209 2149 1287 2190 καὶ
1322 2150 1516 2204 γέγονεν
1554 2148 1580 2202 ἡ
1612 2152 1687 2194 δι-

269 2220 490 2278 καιοσύνη
519 2224 613 2279 λαῷ
643 2223 705 2278 τῷ
734 2225 1068 2280 τεχθησομένῳ,
1101 2220 1155 2269 ὃν
1185 2222 1432 2282 εὐλόγησεν
1464 2226 1486 2270 ὁ
1517 2225 1683 2287 κύριος,

269 2302 375 2359 περὶ
414 2291 468 2344 οὗ
508 2315 651 2358 φησιν
683 2298 898 2349 Ἡσαΐας·
945 2293 1006 2357 ,,ἧ
1045 2301 1203 2359 ἐτέχθη
1249 2304 1383 2352 ἔθνος
1426 2303 1684 2355 εἰσάπαξ·“

270 2377 430 2434 ἐτέχθη
461 2378 525 2432 δὲ,
561 2375 631 2422 ὅτε
662 2379 935 2422 ἐπίστευσαν
965 2379 1015 2422 ἓν
1043 2382 1128 2436 μιᾷ
1155 2378 1301 2439 ἡμέρα
1328 2387 1681 2440 πεντακισχίλοι.

269 2452 457 2503 Μισθὸς
486 2454 535 2497 δὲ
566 2456 646 2498 τοῦ
678 2455 863 2499 ἔσεσθαι
893 2455 1012 2512 αὐτῷ
1043 2461 1102 2506 εἷς
1127 2456 1254 2513 λαὸν,
1286 2457 1334 2502 τὸ
1358 2460 1544 2504 ἔσεσθαι
1574 2460 1684 2519 ἡμῖν

389 2610 428 2666 ¹)
457 2608 611 2650 Psalm.
642 2608 849 2660 XXXIII,
878 2609 917 2652 9.
949 2610 1173 2666 (XX-XII.)

388 2681 432 2735 2)
465 2679 551 2721 Cfr.
581 2677 707 2720 Jesai.
738 2679 815 2732 XI,
845 2679 886 2722 2.
915 2679 955 2725 3.
1073 2682 1117 2738 3)
1144 2681 1302 2724 Jerem.
1332 2684 1387 2738 X,
1419 2683 1483 2729 16.

387 2748 430 2805 ⁴²)
460 2749 613 2790 Psalm.
639 2749 696 2800 II,
724 2748 764 2792 8.

389 2819 430 2873 ⁵)
459 2818 618 2868 Jerem.
645 2821 722 2876 XI,
752 2820 790 2864 4.
822 2822 923 2863 coll.
953 2822 1144 2864 Humilia
1174 2823 1247 2864 IX.
