1763 3112
197 75 281 121 468
645 87 702 116 Ex
735 74 946 116 Omossmz
979 72 1182 116 Sume-m

201 191 328 244 ληλα.
395 185 527 241 Πλὴν
566 184 751 235 ἕκαστος
786 183 918 241 ἡμῶν
963 184 1200 244 ἀναλόγως
1239 179 1304 235 οἷς
1342 184 1629 244 ἑθησαύρισε,

202 270 354 311 πίεται
383 262 434 309 τό
463 265 539 319 τῆς
569 261 706 320 ὀργῆς
736 268 895 322 κυρίου
924 260 1147 322 ποτήριον
1177 260 1401 323 ἀκράτου,
1444 259 1472 317 ἢ
1506 278 1634 307 κεκε-

208 345 448 400 ρασμένης.
514 337 691 388 Πάντες
729 337 819 398 γὰρ
870 338 1139 399 ἥμαρτομεν
1177 343 1318 384 πλέον
1355 336 1382 394 ἢ
1434 340 1634 384 ἔλαττον.

203 419 280 470 Ὡς
310 420 360 463 δὲ
388 415 563 476 Ἰσραὴλ
595 414 836 470 ἐπώνυμος
877 422 1071 474 γέγονεν
1111 408 1147 473 ᾧ
1185 422 1458 472 πεποίηκεν,
1502 415 1635 473 ἰσχύ-

209 512 291 547 σας
320 496 435 553 πρὸς
463 492 543 537 τὸν
574 491 685 537 θεὸν
714 495 763 537 ἐν
792 496 842 553 τῇ
872 491 1008 554 πάλῃ,
1044 492 1158 537 οὕτω
1191 497 1306 544 τινές
1338 499 1422 538 εἰσι
1453 501 1637 551 περιβε-

207 577 437 632 βλημένοι,
470 573 631 627 ψεκτοὶ
661 573 925 627 Αἰλαμῖται.
1004 569 1131 615 Οὕτω
1174 569 1263 630 γάρ
1295 570 1635 630 ἑρμηνεύονται.

208 647 595 710 Παραβάλλονται
625 648 700 702 δὲ,
737 643 814 696 οὓς
845 645 958 690 κατὰ
989 647 1068 691 τὸν
1100 647 1359 692 ἀπόστολον
1391 649 1637 706 ,,παρέδω-

210 728 344 784 κενῙ)
385 725 408 772 6
451 724 556 774 θεὸς
597 727 657 774 εἰς
698 722 927 781 ἀδόκιμον
970 728 1105 781 νοῦν,
1150 730 1210 774 εἰς
1250 724 1377 781 πάθη
1409 726 1639 784 ἀτιμίας,“

212 805 410 862 ἀνέμοις.
472 805 621 859 Ληλοῖ
647 802 713 857 δὲ,
746 805 862 851 τίνες
893 805 949 857 οἱ,
985 806 1089 859 περὶ
1121 794 1185 847 ὧν
1217 801 1238 846 6
1268 800 1425 860 λόγος,
1459 806 1641 851 Παῦλος

214 882 381 928 εἰπών’
414 881 586 938 ,,ἱ’να2)
615 883 773 938 μηκέτι
814 872 939 936 ὦμεν
979 879 1357 936 κλυδωνιζόμενοι
1396 884 1472 923 καὶ
1511 897 1641 935 περι-

215 958 466 1018 φερόμενοι
495 960 633 1002 παντὶ
665 956 821 1014 ἀνέμῳ
861 959 1158 1007 διδασκαλίας
1199 960 1249 1002 ἐν
1287 962 1337 1019 τῇ
1369 962 1523 1014 κυβεία
1553 961 1644 1000 τῶν

214 1035 491 1094 ἀνθρώπων,
524 1036 574 1079 ἐν
604 1037 654 1094 τῇ
686 1035 909 1092 μεθοδεία
941 1038 1019 1078 τοῦ
1051 1033 1282 1080 πλάνου.“
1341 1040 1641 1095 Περιᾳιέρεται

215 1115 266 1159 δὲ
304 1116 444 1158 παντὶ
483 1112 639 1169 ἀνέμῳ
679 1110 702 1155 6
751 1115 1151 1170 παραβεβλημένος
1198 1117 1284 1157 εἴτε
1333 1114 1642 1166 διδασκαλίας,

218 1195 303 1236 εἴτε
334 1192 506 1248 θυμοῦ,
537 1193 623 1234 εἴτε
654 1190 902 1246 ἐπιθυμίας
945 1188 1114 1246 ἀνέμῳ.
1165 1185 1349 1246 ’Ἀνεμοι
1391 1192 1439 1234 δὲ
1478 1195 1643 1234 τέσσα-

216 1285 287 1327 ρες
314 1269 489 1326 γενικοὶ
518 1264 826 1324 ταράσσοντες
863 1264 944 1321 τὴν
977 1265 1228 1325 ἀνθρώπου
1261 1265 1436 1322 ψυχὴν,
1478 1268 1644 1310 ἐπιθυ-

216 1350 327 1403 μία,
359 1341 528 1402 φόβος,
561 1341 730 1400 ἡδονὴ,
764 1341 909 1399 λύπη,
957 1339 1023 1392 οἷς
1052 1346 1305 1400 Αἰλαμίτης
1345 1344 1393 1387 ἐκ
1424 1347 1502 1387 τοῦ
1534 1347 1644 1388 θεοῦ

216 1425 537 1481 καταλειφθεὶς
576 1423 900 1480 παραδέδοται.
971 1419 1104 1464 Ἀλλὰ
1141 1426 1187 1465 τί
1221 1420 1270 1466 τὸ
1311 1421 1445 1471 τόξον
1474 1418 1644 1479 Αἰλάμ,

219 1503 269 1545 ἐν
310 1491 345 1558 ᾦ
383 1499 406 1554 ἦ
449 1498 563 1557 ἀρχὴ
605 1503 680 1555 τῆς
718 1500 1010 1552 δυναστείας,
1057 1498 1191 1548 αὐτὸς
1230 1500 1319 1557 ἔφη
1357 1499 1580 1556 μελῳδῶν
1623 1497 1646 1541 ὁ

217 1579 394 1635 Λαβίδ·
427 1576 641 1634 ,,ἰδοὺ,3)
673 1580 717 1622 οἱ
753 1575 1019 1635 ἁμαρτωλοὶ
1057 1577 1283 1620 ἐνέτειναν
1323 1574 1481 1634 τόξον,
1526 1575 1643 1619 ἑτοί-

218 1670 376 1713 μασαν
404 1658 510 1711 βέλη
541 1657 602 1705 εἷς
632 1658 891 1715 φαρέτραν,
931 1656 1010 1698 τοῦ
1049 1656 1372 1704 κατατοξεῦσαι
1403 1654 1453 1698 ἐν
1483 1668 1648 1697 σκοτο-

217 1732 341 1795 μήνῃ
371 1731 476 1783 τούς
506 1731 656 1782 εὐθεῖς
683 1735 734 1794 τῇ
766 1733 985 1790 καρδίᾳ.“
1031 1734 1125 1775 Καὶ
1153 1731 1246 1788 μετ’
1282 1730 1429 1789 ὀλίγα.
1476 1731 1585 1774 Ἀλλ’
1620 1729 1644 1775 6

217 1811 364 1867 σωτὴρ
394 1808 679 1867 ἐπιδημήσας
706 1809 809 1860 τοὺς
837 1814 1057 1869 τέσσαρας
1087 1809 1287 1867 ἀνέμους
1316 1810 1394 1854 ἐπὶ
1423 1807 1524 1858 τούς
1553 1812 1644 1851 Αἷ-

217 1893 409 1948 λαμίτας
438 1888 580 1944 ἐπῆγε
611 1890 887 1936 κυκλοῦντας
916 1885 1062 1944 ἡμᾶς,
1104 1890 1181 1931 ἵνα
1210 1885 1397 1938 τούτους
1426 1888 1647 1945 διασκορ-

219 1973 379 2011 πίσειε.
437 1965 785 2022 Παραδίδονται
821 1964 911 2022 γὰρ
952 1961 1172 2020 δυνάμεις
1212 1964 1526 2020 ἀντικείμεναι
1564 1966 1649 2007 δυ·-

218 2042 415 2102 νάμεσιν
444 2043 613 2099 ἑτέραις
651 2040 980 2099 ἀντικειμέναις
1017 2045 1079 2090 εἰς
1118 2039 1333 2100 κόλασιν,
1385 2039 1443 2090 ὠς
1483 2040 1505 2084 6
1546 2046 1649 2084 Φα-

220 2120 314 2181 ραώ
348 2123 410 2178 τῷ
453 2118 897 2179 Ναβουχοδονόσορ·
939 2123 1014 2162 καὶ
1067 2117 1193 2177 ὄφεις
1241 2118 1330 2177 γὰρ
1369 2118 1575 2175 ῖοβόλους
1613 2122 1651 2163 εἰ

220 2202 546 2253 κατακλείσεις,
596 2194 702 2254 ’όψει
739 2194 844 2246 τοῦς
884 2195 1092 2246 ἀσθενεῖς
1130 2194 1220 2240 ὑπὸ
1262 2199 1354 2240 τῶν
1394 2197 1650 2240 δυνατωτέ-
1697 2246 1702 2249 ,

222 2294 315 2338 ρων
363 2274 455 2320 ἀπὸ
507 2277 644 2331 λιμοῦ
699 2278 1102 2334 κατεσθιομένους,
1165 2274 1247 2323 ἕως
1293 2264 1346 2317 οῦ
1396 2272 1418 2317 6
1464 2271 1651 2318 πάντων

219 2352 513 2413 ἰσχυρότατος
561 2353 817 2411 πληρωθεὶς
866 2350 956 2396 ὑπὸ
1007 2355 1098 2396 τῶν
1154 2350 1330 2409 ὀφέων,
1378 2347 1456 2401 οὓς
1507 2368 1649 2395 κατα-

221 2431 465 2487 δέδηενῤ)
505 2429 528 2474 6
559 2427 839 2487 καλούμενος
876 2433 1059 2487 γένηται
1097 2431 1384 2485 βασιλίσκος,
1429 2426 1503 2472 ἰὸν
1532 2429 1651 2485 ἔχων

219 2509 270 2553 ἐκ
306 2507 453 2569 μόνης
489 2511 598 2558 θέας
635 2504 940 2566 καρποφόρον
979 2508 1175 2567 δένδρον
1213 2509 1497 2565 ξηραίνοντα.
1553 2504 1649 2549 Οὖ-

336 2684 377 2739 1)
408 2683 495 2725 Cfr.
526 2682 653 2723 Rom.
684 2682 718 2732 Ι,
747 2680 814 2724 28.
846 2682 947 2724 coll.
979 2682 1045 2725 26.

331 2753 374 2809 ²)
410 2753 496 2795 Cfr.
527 2752 683 2808 Ephes.
714 2752 786 2802 IV,
822 2751 886 2795 14.
921 2777 972 2784 -
1003 2752 1083 2793 Ed.
1114 2751 1270 2794 Ruaei:
1316 2752 1394 2794 τοῦ
1425 2746 1642 2797 πλάνους.

330 2823 372 2876 ³)
402 2822 557 2865 Psalm.
578 2822 655 2874 XI,
687 2821 726 2865 2.
759 2822 855 2878 (Χ)
952 2822 994 2878 ⁴²)
1025 2823 1105 2865 Ed.
1136 2822 1188 2865 R.
1219 2820 1352 2864 male:
1384 2816 1645 2875 κατεδήδεν.
