1734 3112
225 74 306 118 136
537 100 541 103 «
649 76 870 117 Omen-:ms
912 88 954 117 m
985 75 1224 117 Jssmzmmm

230 198 307 230 σιν
355 186 400 231 οἱ
445 187 536 232 υἷοὶ
586 184 760 247 Ἰσραὴλ
804 186 1189 246 ἀπονενοημένως
1231 184 1343 236 κατὰ
1394 184 1476 242 τὴν
1520 190 1660 238 λέξιν·

233 262 324 319 ,,οὑ
341 263 383 320 ¹)
415 262 870 324 κυριευθησόμεθα.“

704 529 882 586 Ὁμιλία
912 526 1096 587 τετάρτη
1116 529 1181 585 ²).

233 642 313 692 Εἰς
342 641 415 688 τό·
447 644 620 701 ,,καὶ3)
661 639 790 688 εἶπεν
830 641 853 687 ὁ
897 640 1052 702 κύριος
1086 639 1203 699 πρὸς
1242 641 1301 698 μὲ
1341 641 1392 686 ἐν
1421 647 1517 692 ταῖς
1547 639 1663 698 ἠμέ-

596 737 694 779 ραις
719 720 946 776 ’[ωσίου,“
984 721 1062 764 καὶ
1093 719 1147 762 τὰ
1179 719 1293 774 ἑξῆς.

346 832 384 875 1.
415 832 540 879 Αὐτὸ
578 834 628 878 τὸ
675 831 813 892 ῥητὸν
850 835 927 888 τῆς
966 831 1342 891 ἀναγνωσθείσης
1377 833 1536 881 λέξεως
1572 831 1663 888 ἔχει

232 923 274 950 τι
310 906 514 968 ἀσαφὲς,
564 909 678 970 ὅπερ
713 908 939 968 πρότερον
968 907 1199 966 νοηθὴτω·
1243 911 1321 953 καὶ
1356 907 1472 967 μετὰ
1509 911 1661 965 τοῦτο,

233 981 317 1029 ἐὰν
348 983 371 1029 ὁ
401 985 510 1038 θεὸς
538 989 679 1045 διδῷ,
721 985 943 1044 εἰσόμεθα
986 985 1036 1031 τὸ
1074 984 1287 1043 βούλημα
1320 985 1459 1029 αὐτοῦ
1488 983 1540 1029 τὸ
1567 1003 1663 1043 μυ-

233 1062 406 1108 στικόν.
467 1064 649 1110 Οὐκοῦν
678 1068 801 1110 θέλει
829 1063 951 1123 ἡμᾶς
980 1065 1148 1109 εἰδέναι
1181 1065 1231 1108 ἒν
1260 1064 1450 1118 τούτοις,
1488 1060 1571 1118 ὅτι,
1605 1061 1664 1112 ὥς
1731 1082 1734 1108 ;

234 1139 287 1183 ἒν
313 1145 412 1190 ταῖς
438 1147 701 1193 Βασιλείαις
729 1147 1013 1201 γέγραπται,
1054 1143 1242 1203 διῃρέθη
1281 1140 1304 1185 ὁ
1337 1140 1444 1190 λαὸς
1480 1140 1532 1184 ἓν
1569 1145 1663 1190 τοῖς

227 1214 418 1274 χρόνοις
452 1217 662 1277 “Ροβοάμ
700 1223 763 1271 εἰς
799 1219 881 1276 τὴν
919 1218 1010 1264 ὑπὸ
1037 1217 1273 1277 Ἱεροβοιὶμ
1305 1221 1542 1274 βασιλείαν
1570 1221 1662 1263 τῶν

234 1293 347 1337 δέκα
378 1297 556 1352 φυλῶν,
590 1299 668 1341 καὶ
698 1299 762 1347 εἷς
789 1295 871 1352 τὴν
899 1294 992 1340 ὑπὸ
1020 1293 1217 1352 Ῥοβοὰμ
1249 1292 1333 1339 δύο
1365 1297 1552 1352 φυλῶν·
1583 1298 1663 1338 καὶ

233 1366 495 1426 ἐκλήθησαν
508 1372 554 1429 ⁴²)
582 1375 627 1417 οἱ
647 1374 736 1431 μὲν
761 1371 854 1418 ὑπὸ
880 1376 941 1430 τῷ
965 1370 1202 1430 Ἱεροβοάμ
1224 1369 1417 1429 Ἰσραὴλ,
1441 1369 1592 1416 Ἰούδα
1611 1373 1663 1416 δὲ

234 1448 279 1490 οἱ
303 1444 395 1492 ὑπὸ
431 1452 493 1506 τῷ
528 1447 741 1507 Ῥοβοάμ.
804 1453 897 1494 Καὶ
931 1450 1112 1507 ἔμεινεν
1143 1446 1302 1503 αὖτηὴ
1335 1449 1553 1507 διαίρεσις
1581 1452 1663 1494 τοῦ

232 1528 363 1582 λαοῦ,
385 1524 498 1571 ὅσον
515 1528 594 1572 ἐπὶ
612 1527 695 1584 τὴν
709 1531 930 1585 ἱστορίαν,
950 1530 1085 1584 μέχρι
1113 1528 1192 1570 τοῦ
1215 1527 1368 1583 δεῦρο.
1416 1525 1511 1569 Οὐκ
1528 1527 1663 1570 οἴδα-

231 1618 321 1659 μεν
343 1602 434 1663 γὰρ
458 1607 667 1667 ἱστορίαν
689 1603 986 1663 συνάγουσαν
1008 1603 1089 1648 τὸν
1105 1601 1282 1660 Ἰσραὴλ
1297 1605 1375 1646 καὶ
1391 1601 1570 1648 Ἰούδαν
1585 1605 1663 1649 ἐπὶ

235 1678 285 1724 τὸ
308 1679 435 1725 αὐτό.
476 1680 713 1740 ’Ἡμαρτεν
739 1675 824 1727 οὖν
852 1684 1038 1742 πρῶτον
1055 1682 1098 1737 ⁵)
1118 1679 1296 1739 Ἰσραὴλ
1312 1682 1503 1725 πλείονα
1528 1682 1551 1726 ὁ
1570 1681 1660 1729 ὑπὸ

233 1759 295 1814 τῷ
321 1755 557 1819 Ἶεροβοᾶμ
594 1763 674 1804 καὶ
708 1765 800 1810 τοῖς
839 1757 1073 1817 διαδόχοις
1110 1757 1266 1802 αὐτοῦ.
1332 1761 1426 1801 Καὶ
1463 1763 1660 1805 τοσαῦτα

232 1832 407 1894 ἥμαρτε
435 1835 560 1894 παρὰ
592 1835 673 1881 τὸν
698 1834 894 1892 Ἰούδαν,
926 1835 1040 1881 ὥστε
1071 1833 1235 1884 αὐτοὺς
1263 1837 1661 1894 καταδικασθῆναι

231 1910 323 1957 ὑπὸ
352 1917 429 1970 τῆς
456 1919 677 1972 προνοίας
704 1917 924 1971 γενέσθαι
955 1910 1270 1972 αἰχμαλώτους
1299 1916 1361 1962 εἰς
1376 1913 1659 1975 Ἀσσυρίους,

232 1988 293 2040 ὠς
332 1994 452 2050 λέγει
490 1990 516 2048 ἡ
559 1990 742 2052 γραφὴ,
779 1995 916 2049 μέχρι
951 1993 1027 2046 τῆς
1063 1987 1279 2048 σήμερον.
1352 1990 1486 2034 Μετὰ
1524 1995 1657 2038 τοῦτο

233 2066 440 2128 ἥμαρτον
484 2072 562 2114 καὶ
604 2071 649 2114 οἱ
682 2070 776 2113 υἱοὶ
813 2070 893 2113 τοῦ
931 2063 1107 2122 Ἰούδα,
1153 2067 1231 2110 καὶ
1260 2066 1659 2125 κατεδικάσθησαν
1724 2064 1734 2109 .“’

224 2273 336 2335 ’Ἆρα
381 2279 615 2338 εἰρήκασιν
660 2281 703 2325 οἱ
750 2281 839 2323 υἱοὶ
888 2276 1064 2336 Ἰσραὴλ
1116 2275 1494 2334 ἀπονενοημένως
1544 2280 1657 2326 κατὰ

229 2347 312 2403 τὴν
349 2352 518 2400 λε’ξιν.“

349 2421 389 2476 ¹)
419 2422 575 2462 Jerem.
606 2422 663 2472 Π,
694 2421 762 2465 31.

350 2489 392 2544 ²)
423 2490 606 2539 Ruaeus,
635 2489 755 2530 uncis
785 2488 977 2530 inclusis:
1009 2487 1120 2546 juxta
1151 2487 1461 2545 Hieronymum
1491 2489 1606 2534 XIV,

348 2554 392 2613 ³)
421 2559 579 2599 Jerem.
611 2560 689 2609 III,
719 2559 758 2601 6.

350 2627 392 2683 ⁴)
423 2628 531 2668 Edd.
562 2627 710 2669 Huetii
739 2625 871 2667 male:
905 2624 1177 2681 ἐκλύθιωαν.

350 2698 417 2750 ⁵)
426 2697 479 2739 H.
525 2709 566 2739 et
604 2698 655 2738 R.
695 2697 739 2737 in
768 2697 1100 2753 textu:‚710s)§
1138 2712 1218 2741 τον
1251 2695 1443 2752 [σραήλ,
1450 2699 1478 2720 ‘
1521 2699 1553 2739 R
1600 2710 1659 2738 ta-

232 2769 329 2794 men
361 2753 403 2794 in
433 2754 566 2795 notis:
606 2754 799 2806 „legebat
828 2754 1112 2819 Himonymus
1142 2757 1327 2812 πρῶτον
1350 2752 1547 2814 Ισοαὴλ,
1588 2767 1657 2796 aut

234 2814 411 2869 πρῶτος
438 2809 628 2867 Ισραὴλ,
661 2826 767 2866 quac
799 2827 894 2852 vera
924 2811 1050 2853 lectio
1084 2817 1186 2853 cst.“
1606 2824 1616 2837 ⁴
