1763 3112
263 96 347 142 396
686 98 906 139 Ourssssms
939 111 982 139 m
1012 97 1038 137 J
1047 109 1253 139 enssmmm

263 208 478 265 reliquiae.
535 208 748 249 Exsiccate
781 225 925 250 ornnes
957 211 1115 250 fructus
1155 209 1263 267 ejus,
1300 222 1341 251 et
1378 213 1602 254 descendat
1632 214 1672 254 in

263 285 532 327 occisionem.
590 287 676 325 Vae
707 285 779 335 iis,
817 286 1014 341 quoniam
1046 286 1160 327 venit
1191 287 1279 328 dies
1309 305 1476 339 eorum,
1508 301 1672 346 tempus

263 363 470 404 vindictae
502 358 706 406 eorum!“
763 363 921 404 Volens
951 363 1189 416 intelligere
1221 365 1326 415 hoc,
1370 367 1484 421 quod
1517 367 1675 407 dictum

263 451 345 481 est:
390 439 638 495 „aperuit¹)
682 440 921 480 thesaurum
967 458 1112 490 suum,
1163 452 1204 482 et
1240 443 1421 497 protulit
1459 460 1551 484 vasa
1590 443 1674 483 irae

262 524 416 558 suae:“
446 532 602 572 quaero
635 517 686 556 de
718 516 796 556 alia
825 517 1029 573 scriptura
1058 534 1151 559 vasa
1182 518 1267 559 irae
1298 518 1404 569 Dei,
1433 531 1474 559 et
1503 519 1672 560 invenio

260 595 312 634 ad
342 594 578 650 pleniorem
611 594 969 649 comparationem
1008 595 1125 636 istius
1162 595 1390 651 scripturae
1427 596 1675 652 scripturam

259 670 549 726 apostolicam,
579 670 721 726 ibique
753 670 919 711 invenio
950 673 1206 727 Apostolum
1237 672 1340 712 mihi
1369 673 1675 730 subjicientem,

259 764 364 803 quae
394 748 477 788 sint
506 765 598 789 vasa
627 749 711 788 irae
747 748 843 788 Dei.
903 748 976 789 Ait
1015 749 1148 789 enim:
1190 748 1307 805 ‚,si²)
1349 761 1488 790 autem
1528 750 1673 790 volens

257 825 375 866 Deus
415 827 636 866 ostendere
674 825 779 866 iram
818 841 954 876 suam,
1001 839 1042 867 et
1078 838 1221 867 notam
1264 827 1401 866 facere
1439 827 1673 882 potentiam

256 918 386 952 suam,
415 902 591 958 pertulit
607 904 650 959 3)
687 903 730 943 in
767 903 900 943 multa
936 903 1135 958 patientia
1173 919 1267 943 vasa
1305 902 1390 944 irae
1429 915 1674 959 praeparata

256 981 309 1019 ad
337 980 635 1035 perditionem,
665 992 712 1020 ut
743 982 983 1021 ostenderet
1012 980 1176 1021 divitias
1206 980 1362 1033 gloriae
1389 997 1486 1022 suae
1506 981 1549 1022 in
1578 997 1673 1022 vasa

254 1056 581 1107 misericordiae,
612 1074 716 1113 quae
746 1057 1010 1114 praeparavit
1038 1057 1081 1098 in
1111 1056 1312 1110 gloriam,
1343 1073 1448 1113 quos
1480 1070 1521 1098 et
1550 1074 1673 1098 voca-

255 1133 315 1173 vit
342 1149 429 1173 non
458 1134 595 1174 solum
627 1150 674 1174 ex
703 1135 886 1184 Judaeis,
918 1152 1063 1175 verum
1096 1135 1221 1176 etiam
1240 1151 1287 1175 ex
1309 1135 1542 1187 gentibus.“
1587 1135 1672 1176 Ge-

253 1210 452 1250 neraliter
479 1211 714 1266 Apostolus
744 1226 890 1251 omnes
920 1211 1109 1252 homines
1127 1212 1268 1252 divisit
1291 1211 1497 1263 bifariam,
1529 1212 1671 1253 dicens

254 1288 459 1343 quosdam
509 1304 596 1328 esse
646 1303 740 1328 vasa
791 1286 1126 1337 misericordiae,
1182 1289 1384 1343 quosdam
1434 1305 1527 1330 vasa
1572 1289 1668 1330 irae.

254 1364 384 1405 Verbi
422 1365 572 1417 gratia,
620 1365 885 1406 Pharaonem
925 1376 965 1405 et
993 1363 1224 1422 Aegyptios
1255 1381 1349 1405 vasa
1378 1365 1485 1406 irae:
1531 1383 1670 1408 rursus

252 1458 308 1492 se,
327 1443 370 1499 4)
408 1442 479 1498 qui
511 1442 670 1498 primus
707 1441 1040 1482 misericordiam
1081 1453 1326 1482 consecutus
1376 1453 1458 1492 est,
1505 1453 1546 1483 et
1586 1459 1670 1492 eos,

251 1520 325 1576 qui
357 1519 401 1560 in
429 1532 623 1575 tempore
655 1521 707 1560 de
737 1519 908 1559 Judaeis
941 1530 981 1559 et
1010 1518 1199 1571 gentibus
1241 1519 1532 1569 crediderunt,
1575 1536 1671 1560 vasa

252 1597 566 1638 misericordiae
594 1596 865 1652 nuncupavit.
913 1597 1021 1637 Sunt
1049 1611 1148 1647 ergo
1179 1595 1220 1636 in
1251 1596 1445 1638 thesauro
1462 1597 1546 1637 Dei
1577 1613 1672 1637 vasa

252 1674 348 1715 irae.
408 1675 623 1730 Scriptum
655 1686 718 1715 est
748 1673 882 1714 enim:
915 1673 1163 1729 „aperuit⁵)
1195 1674 1405 1715 Dominus
1428 1675 1668 1716 thesaurum

251 1768 386 1800 suum,
417 1763 459 1792 et
488 1751 668 1806 protulit
697 1768 790 1792 vasa
818 1751 903 1792 irae
941 1756 1080 1792 suae.“
1141 1749 1248 1804 Quis
1290 1763 1351 1792 est
1392 1752 1469 1793 iste
1506 1753 1671 1794 thesau-

249 1845 318 1869 rus
347 1828 549 1875 Domini,
588 1828 629 1868 in
669 1844 753 1884 quo
784 1844 879 1868 vasa
909 1828 994 1868 irae
1024 1827 1321 1870 inveniuntur?
1378 1830 1543 1886 Aliquis
1580 1831 1670 1871 for-

249 1922 320 1946 san
351 1917 536 1962 quaeret,
564 1917 705 1945 utrum
740 1904 783 1944 in
811 1906 1008 1945 thesauro
1040 1904 1219 1945 Domini
1254 1917 1416 1946 tantum
1459 1923 1552 1946 vasa
1581 1906 1667 1947 irae

250 1984 344 2034 sint,
377 1995 420 2024 et
446 1984 663 2024 thesaurus
683 1982 781 2032 Dei,
816 1981 888 2038 qui
917 1992 979 2022 est
1005 1981 1222 2022 thesaurus
1253 1983 1456 2032 omnium,
1486 1999 1574 2023 non
1596 1984 1666 2023 ha-

248 2063 322 2102 bet
350 2077 445 2101 vasa
473 2059 807 2100 misericordiae:
838 2075 889 2099 an
919 2058 1032 2098 aliud
1065 2058 1168 2114 quid
1197 2058 1377 2112 intelligi
1395 2071 1589 2115 oporteat
1614 2061 1664 2100 de

247 2139 442 2180 thesauro
472 2137 569 2187 Dei,
599 2126 711 2177 unde
743 2136 972 2177 efferantur
1000 2152 1095 2176 vasa
1123 2135 1209 2177 irae
1248 2137 1364 2194 ejus?
1401 2137 1665 2178 Thesaurum

247 2215 425 2257 Domini
463 2231 539 2267 ego
581 2214 796 2255 confidens
838 2213 973 2253 dicam
1015 2229 1101 2254 esse
1142 2214 1362 2255 ecclesiam
1394 2213 1502 2271 ejus,
1542 2226 1582 2255 et
1620 2214 1665 2255 in

249 2294 328 2335 isto
357 2294 578 2342 thesauro,
609 2291 653 2332 id
686 2303 768 2340 est,
800 2291 975 2332 ecclesia
1012 2308 1135 2347 saepe
1166 2291 1357 2332 homines
1387 2291 1563 2342 latitare,
1594 2292 1665 2348 qui

248 2383 344 2412 sunt
382 2387 477 2411 vasa
510 2369 610 2410 irae.
685 2368 839 2409 Veniet
885 2368 1012 2421 igitur
1059 2380 1247 2424 tempus,
1298 2370 1464 2425 quando
1504 2369 1664 2425 aperiat

247 2447 458 2487 Dominus
487 2446 727 2486 thesaurum
759 2444 981 2486 ecclesiae:
1020 2462 1130 2486 nunc
1174 2446 1286 2486 enim
1328 2447 1463 2487 clausa
1505 2458 1565 2488 est
1595 2463 1656 2487 ec·

248 2523 393 2575 clesia,
425 2535 467 2564 et
494 2539 589 2563 vasa
618 2521 703 2562 irae
736 2540 830 2563 cum
860 2522 965 2564 vasis
994 2523 1307 2565 misericordiae
1336 2523 1588 2574 inhabitant,
1620 2536 1661 2565 et

366 2705 407 2761 ¹)
436 2706 591 2745 Jerem.
622 2705 668 2753 L,
698 2703 766 2746 25.
886 2706 927 2761 2)
965 2707 1091 2747 Rom.
1123 2706 1200 2756 IX,
1230 2705 1297 2748 22.
1329 2704 1395 2747 23.
1426 2705 1493 2748 24.

365 2776 408 2831 3)
440 2775 548 2815 Edd.
582 2775 640 2815 M.
673 2775 875 2830 „pertulit
904 2793 976 2818 sua
1008 2777 1076 2818 in“
1109 2788 1186 2818 etc.

366 2844 408 2900 ⁴)
438 2845 570 2886 Deest
601 2852 698 2896 „se“
728 2845 770 2886 in
802 2847 865 2887 ed.
894 2848 942 2889 R.
1066 2848 1106 2901 ⁵)
1137 2849 1292 2889 Jerem.
1323 2846 1369 2894 L,
1399 2844 1464 2888 25.
