1763 3112
596 101 797 146 Romam
828 99 945 143 XXI.
1402 97 1485 143 403

61 216 296 258 intendenti
327 230 481 257 arcum.
539 215 638 256 Non
676 213 728 255 sit
769 229 817 253 ex
848 228 917 262 ea,
958 209 1030 266 qui
1069 210 1276 250 salvetur:
1320 211 1480 267 disper-

62 294 160 344 dite,
190 291 414 333 interficite
447 292 587 333 omnia
615 290 890 349 Babylonis.“
937 289 1084 343 Nuper
1114 287 1291 328 diximus
1323 290 1375 328 de
1405 307 1478 346 pa-

60 369 216 411 rabolis
245 369 494 425 Babylonis,
527 371 579 410 de
610 368 707 409 viris
737 366 990 424 Babylonis,
1025 367 1076 406 de
1107 365 1264 406 semine
1293 366 1479 424 Babylo-

60 447 142 488 nio.
204 448 329 497 „Non
348 446 384 503 ¹)
428 448 481 488 sit
520 459 560 488 et
591 446 664 503 qui
693 446 925 487 resalvetur
956 445 1006 484 de
1036 443 1194 484 semine
1222 443 1476 502 Babylonis:

59 524 278 565 retribuite
311 523 349 565 ei
379 523 490 581 juxta
521 541 651 581 opera
681 523 781 583 ejus,
817 523 1048 564 secundum
1081 521 1243 573 omnia,
1284 539 1388 578 quae
1418 524 1480 563 fe-

60 603 128 654 cit,
160 615 200 644 et
230 602 354 643 facite
386 602 445 653 ei,
492 602 588 659 quia
617 602 808 642 Domino
841 600 1012 650 restitit,
1061 612 1101 641 et
1139 601 1359 642 adversum
1387 602 1480 642 Do-

58 680 220 722 minum
259 681 403 721 Deum
443 692 631 721 sanctum
671 680 841 721 lsrael.“
918 679 1135 734 Quamdiu
1179 679 1304 720 habes
1354 679 1397 720 in
1437 691 1477 721 te

58 758 331 813 cogitationes
360 775 541 815 nequam
569 758 806 800 resistentes
845 757 993 815 pietati
1025 768 1066 798 et
1094 755 1196 797 fidei
1225 773 1369 809 verae,
1407 757 1479 799 ha-

56 839 129 879 bes
168 837 211 879 in
248 849 291 878 te
330 836 602 896 Babylonios.
678 837 765 879 Sed
809 837 875 877 fac
913 835 1161 885 vindictam,
1209 848 1249 876 et
1286 835 1477 879 interfice

59 932 203 957 omnes
233 927 477 972 peccatores
507 927 663 965 terrae,
712 930 815 970 quae
856 912 898 954 in
928 924 970 953 te
1003 923 1086 963 est,
1122 912 1167 952 id
1208 925 1289 963 est,
1332 931 1477 956 omnes

55 993 336 1053 Babylonios,
382 1006 429 1035 ut
467 993 603 1050 possis
641 992 865 1032 mundatus
895 990 938 1031 in
967 989 1203 1032 Jerusalem
1234 993 1480 1045 transgredi,

58 1072 268 1114 civitatem
298 1071 383 1112 Dei
412 1071 456 1112 in
488 1069 657 1111 Christo
689 1070 805 1121 Jesu,
838 1068 905 1110 cui
937 1080 999 1111 est
1030 1068 1163 1123 gloria
1195 1079 1235 1110 et
1251 1068 1477 1126 imperium

57 1150 99 1192 in
129 1150 294 1194 saecula
325 1149 604 1193 saeculorum.
663 1147 821 1191 Amen!

426 1421 851 1466 HOMILIA
909 1419 1110 1477 xx1.²)

57 1540 135 1581 De
168 1555 252 1591 eo,
299 1537 448 1595 quod
486 1535 748 1592 scriptum
797 1545 896 1575 est:
945 1532 1152 1587 „fugite
1178 1533 1220 1589 3)
1271 1533 1331 1573 de
1371 1548 1478 1574 me·-

529 1613 621 1656 dio
665 1611 1003 1670 Babylonis.“

171 1731 208 1774 1.
243 1729 476 1786 Quomodo
519 1744 672 1783 corpus
712 1738 906 1768 nostrum
945 1725 987 1766 in
1025 1724 1167 1781 aliquo
1211 1736 1347 1766 terrae
1377 1726 1476 1766 loco

60 1808 268 1858 consistit,
309 1808 461 1848 eodem
490 1805 622 1845 modo
667 1815 708 1845 et
746 1803 883 1845 anima
912 1803 1146 1844 secundum
1175 1814 1327 1844 statum
1358 1820 1480 1845 suum

59 1887 110 1926 de
127 1885 168 1942 ⁴)
201 1884 342 1942 aliquo
372 1881 660 1940 nuncupativo
689 1893 825 1923 terrae
856 1882 953 1923 loco
987 1894 1059 1924 est.
1120 1880 1253 1936 Quod
1277 1881 1388 1932 dico,
1418 1881 1478 1923 sic

57 1963 131 2004 fiet
160 1963 433 2004 manifestius.
497 1962 663 2018 Corpus
693 1971 887 2002 nostrum
917 1971 987 2001 aut
1016 1959 1062 2000 in
1078 1960 1270 2017 Aegypto
1303 1971 1377 2010 est,
1408 1971 1478 2001 aut

57 2040 100 2081 in
128 2039 372 2098 Babylone,
422 2051 492 2082 aut
528 2038 574 2080 in
601 2038 860 2089 Palaestina,
905 2049 976 2079 aut
1005 2036 1049 2078 in
1081 2036 1224 2096 Syria,
1264 2049 1334 2078 aut
1365 2048 1478 2078 certe

57 2117 369 2174 ubicunque.⁵)
429 2116 636 2160 Similiter
675 2128 716 2158 et
755 2116 892 2158 anima
921 2115 966 2156 in
996 2115 1138 2172 aliquo
1179 2114 1367 2172 ejusdem
1396 2126 1479 2156 ter-

57 2212 126 2237 rae
157 2194 339 2236 nominis
372 2196 584 2246 loco,est,
614 2194 694 2236 alia
723 2194 765 2235 in
801 2193 1051 2250 Babylone,
1090 2193 1171 2234 alia
1198 2192 1241 2233 in
1271 2195 1481 2251 Aegypto,

0 2296 1 2299 ¹
58 2273 138 2315 alia
167 2273 211 2314 in
240 2272 576 2315 Ammanitarum
604 2273 798 2326 regione:
832 2283 874 2313 et
900 2271 958 2312 sic
979 2272 1225 2326 segregatim
1247 2271 1479 2313 secundum

59 2350 309 2394 sententiam
340 2349 676 2407 Scripturarum,
705 2366 785 2408 pro
818 2349 1018 2407 qualitate
1050 2349 1159 2391 vitae
1189 2350 1386 2391 locorum
1418 2349 1480 2391 di-

178 2527 220 2579 1)
249 2525 335 2568 Cfr.
366 2525 521 2568 Jerem.
553 2526 601 2577 L,
631 2525 698 2570 29.

178 2594 221 2650 ²)
252 2594 335 2637 Ed.
364 2594 513 2646 Ruaei,
543 2595 662 2637 uncis
692 2595 885 2638 inclusis:
924 2595 1039 2654 juxta
1067 2594 1377 2666 Hieronpnum
1416 2611 1478 2636 se-

61 2651 208 2697 cunda.
242 2676 294 2684 —
326 2650 411 2695 Cfr.
450 2653 544 2694 edd.
576 2653 636 2696 M.
667 2652 792 2695 Tom.
817 2653 850 2695 I.
880 2652 993 2696 Part.
1019 2654 1075 2697 II.
1106 2653 1184 2695 fol.
1219 2651 1330 2695 LXI.
1363 2668 1476 2709 seqq.

176 2723 219 2780 ³)
247 2721 405 2765 Jerem.
434 2723 504 2774 LI,
535 2721 574 2766 6.

178 2791 219 2850 ⁴)
249 2792 358 2835 Edd,
388 2792 449 2835 M.
482 2791 580 2844 „in“
612 2817 662 2824 —
697 2791 782 2835 Cfr.
812 2808 904 2851 pag.
934 2793 1030 2838 404.
1060 2806 1148 2836 not.
1178 2793 1218 2837 6.

179 2862 222 2919 ⁵)
251 2860 360 2906 Edd.
393 2861 454 2905 M.
485 2861 754 2919 „ubicunque
785 2862 952 2906 simili.“

1060 2937 1152 2984 26*
