1734 3112
256 105 310 149 52
551 106 771 149 Omemus
802 118 847 148 IN
881 105 1062 148 CAN’rm.
1096 104 1398 147 cmi-iconum

256 218 365 260 ratio
397 219 520 261 etiam
554 220 604 261 de
646 236 721 270 eo,
763 220 879 276 quod
919 219 996 260 ait:
1042 218 1363 275 ,‚spirituum¹)
1404 217 1683 260 violentias:“

258 297 478 340 visibiliter
507 298 680 355 quidem
711 298 763 338 de
796 297 948 347 ventis,
990 307 1030 337 et
1060 297 1234 338 statibus
1264 296 1382 346 miris,
1414 295 1682 337 invisibiliter

257 391 357 417 vero
390 377 442 417 de
473 375 686 417 violentiis
726 375 1044 416 immundorum
1075 374 1301 431 spirituum
1332 375 1534 431 loquens,
1577 390 1682 430 quos

257 465 298 495 et
326 454 482 496 Paulus
499 455 542 510 ²)
575 466 720 495 ventos
753 452 968 494 doctrinae
1008 452 1255 495 nominavit.
1313 453 1417 494 Post
1457 452 1560 493 haec
1600 451 1683 508 jam

254 533 464 589 sequitur,
505 543 550 573 ut
583 543 619 572 et
638 532 680 586 3)
716 531 990 584 cogitationes
1021 532 1244 573 hominum
1274 530 1376 572 sciat
1405 530 1685 587 corporaliter

256 610 449 667 quidem,
499 626 604 665 quac
637 610 687 650 de
721 610 904 650 humano
949 610 1076 650 corde
1107 609 1368 665 procedunt,
1414 608 1683 649 invisibiliter

253 700 394 730 autem
424 687 633 740 intelligat
664 703 748 738 eos,
781 687 853 744 qui
888 686 1083 746 injiciunt
1112 686 1354 728 hominibus
1379 686 1507 727 malas
1528 698 1568 727 et
1588 702 1682 742 pes-

252 766 376 808 simas
394 765 682 819 cogitationes,
714 765 822 807 sicut
842 764 886 805 in
905 765 1139 818 Evangelio
1162 764 1365 821 scriptum
1388 776 1468 806 est:
1499 780 1622 815 „cum
1639 763 1679 819 ⁴)

253 845 447 886 diabolus
487 843 667 886 misisset
709 844 753 885 in
794 860 869 884 cor
908 843 1061 898 Judae·
1087 842 1320 893 Iscariotis,
1366 854 1414 884 ut
1458 843 1677 884 traderet“

247 921 499 963 Dominum.
573 922 629 963 Et
666 932 714 962 ut
750 920 795 962 in
831 920 1076 962 Proverbiis
1119 920 1296 962 dicitur:
1342 919 1412 971 „si
1429 920 1469 976 ⁵)
1509 918 1680 976 spiritus

248 1012 503 1058 potestatem
533 999 723 1041 habentis
753 1000 1020 1042 adscenderit
1048 1017 1175 1057 super
1203 1012 1270 1052 te,
1302 1000 1449 1041 locum
1478 1009 1599 1039 tuum
1628 1013 1679 1038 ne

250 1077 532 1134 derelinquas,
564 1076 661 1134 quia
693 1076 843 1119 sanitas
875 1078 1109 1135 compescit
1140 1090 1311 1135 peccata
1341 1083 1532 1130 magna.“
1593 1076 1679 1118 Sed

250 1167 292 1196 et
320 1157 530 1197 bonarum
563 1155 868 1208 cogitationum
900 1168 962 1198 est
992 1157 1143 1214 aliquis
1168 1169 1338 1199 auctor:
1370 1166 1549 1213 propter
1566 1154 1681 1211 quod

249 1245 292 1275 et
319 1233 363 1274 in
391 1233 572 1275 Psalmis
602 1244 708 1289 puto
741 1233 945 1290 scriptum
976 1251 1084 1277 esse:
1120 1237 1294 1286 „beatus
1313 1234 1355 1290 6)
1387 1234 1532 1283 homo,
1565 1232 1681 1291 cujus

248 1323 310 1354 est
340 1311 545 1352 auxilium
575 1311 645 1352 abs
674 1322 739 1361 te,
781 1311 993 1354 Domine:
1035 1313 1328 1355 adscensiones
1367 1311 1411 1352 in
1442 1312 1571 1353 corde
1603 1326 1678 1351 suo

248 1388 499 1446 disposuit.“
555 1388 613 1430 Et
642 1387 817 1429 iterum:
866 1389 1103 1443 „cogitatio
1123 1391 1164 1447 7)
1194 1389 1378 1431 hominis
1410 1388 1682 1431 confitebitur

243 1466 348 1518 tibi,
397 1478 440 1509 et
477 1466 683 1523 reliquiae
724 1465 1030 1519 cogitationum
1070 1468 1185 1509 diem
1214 1469 1370 1509 festum
1403 1478 1523 1521 agent
1551 1466 1681 1508 tibi.“

246 1544 311 1585 Ita
340 1543 468 1597 igitur
501 1556 650 1585 cuncta
679 1546 913 1586 secundum
957 1562 1023 1596 ea,
1066 1562 1172 1603 quae
1202 1544 1381 1602 praefati
1417 1561 1582 1596 sumus,
1631 1560 1679 1585 ex

242 1621 481 1663 visibilibus
510 1621 660 1663 referri
690 1634 868 1679 possunt
897 1624 950 1664 ad
980 1622 1229 1674 invisibilia,
1263 1635 1304 1664 et
1333 1639 1355 1665 a
1387 1623 1680 1679 corporalibus

242 1699 296 1741 ad
325 1699 605 1755 incorporea,
651 1711 693 1741 et
722 1717 745 1741 a
774 1700 1005 1742 manifestis
1045 1702 1098 1743 ad
1130 1702 1321 1752 occulta,
1368 1713 1416 1742 ut
1445 1700 1535 1756 ipsa
1568 1715 1679 1741 crea—

241 1788 336 1818 tura
365 1776 514 1818 mundi
542 1777 619 1818 tali
649 1778 829 1834 quadam
861 1777 1175 1834 dispensatione
1204 1778 1387 1829 condita,
1418 1777 1679 1831 intelligatur

241 1871 321 1912 per
350 1854 535 1896 divinam
564 1855 835 1912 sapientiam,
875 1873 981 1913 quae
1012 1857 1136 1898 rebus
1166 1856 1268 1913 ipsis
1310 1868 1351 1898 et
1382 1856 1585 1913 exemplis
1615 1855 1679 1897 in·

241 1931 424 1973 visibilia
452 1948 530 1973 nos
564 1933 615 1974 de
648 1932 885 1975 visibilibus
916 1934 1081 1985 doceat,
1113 1945 1154 1975 et
1183 1951 1206 1975 a
1236 1933 1412 1975 terrenis
1439 1951 1516 1975 nos
1546 1945 1677 1975 trans-

242 2011 349 2051 ferat
387 2011 441 2051 ad
482 2011 693 2052 eoelestia.
764 2011 855 2052 Hae
902 2023 1042 2054 autem
1090 2011 1275 2053 rationes
1320 2028 1407 2053 non
1454 2010 1596 2051 solum
1634 2009 1677 2050 in

243 2087 441 2130 creaturis
483 2088 680 2130 omnibus
717 2088 944 2139 habentur,
992 2091 1066 2131 sed
1106 2101 1147 2131 et
1185 2089 1393 2146 scriptura
1432 2087 1573 2130 divina
1602 2086 1678 2128 tali

241 2167 423 2223 quadam
453 2166 682 2222 sapientiae
713 2179 801 2208 arte
834 2166 1072 2223 conscripta
1112 2179 1185 2210 est.
1245 2167 1431 2223 Propter
1470 2165 1675 2222 quaedam

238 2260 421 2302 namque
451 2244 619 2285 occulta
651 2255 693 2285 et
722 2243 897 2302 mystica
928 2244 1151 2287 visibiliter
1180 2245 1368 2302 populus
1401 2244 1596 2285 educitur
1622 2244 1674 2284 de

239 2323 432 2380 Aegypto
463 2321 542 2363 ista
570 2333 760 2373 terrena,
802 2334 843 2362 et
873 2321 954 2363 iter
985 2322 1069 2376 agit
1098 2339 1177 2379 per
1208 2323 1444 2373 desertum,
1483 2321 1559 2362 ubi
1590 2337 1674 2362 ser-

236 2413 341 2455 pens
371 2410 459 2441 erat
488 2400 709 2450 mordens,
761 2412 803 2441 et
833 2399 1048 2457 scorpius,
1095 2412 1137 2442 et
1166 2400 1276 2454 sitis,
1333 2399 1409 2442 ubi
1439 2415 1526 2441 non
1557 2409 1674 2441 erant
1730 2454 1734 2459 μ

1731 2466 1734 2479 «

355 2589 394 2647 ¹)
425 2590 524 2646 Sap.
556 2589 642 2632 Sal.
675 2591 770 2641 VH,
800 2590 868 2635 20.
990 2590 1035 2647 ²)
1065 2590 1219 2647 Ephes.
1251 2591 1327 2642 IV,
1359 2590 1424 2636 14.

351 2659 396 2715 ³)
424 2659 559 2701 Deest
590 2665 704 2711 ‚‚et“
734 2661 779 2702 in
809 2661 875 2703 ed.
907 2659 1055 2703 Ruaei.

351 2727 395 2787 ⁴)
425 2729 502 2772 Ev.
533 2731 685 2772 Joann.
715 2731 850 2783 XIII,
880 2731 920 2775 2.
1042 2731 1084 2788 ⁵)
1112 2729 1354 2773 Ecclesiast.
1385 2731 1448 2782 X,
1480 2729 1520 2774 4.

349 2799 392 2857 ⁶)
423 2800 578 2842 Psalm.
608 2800 847 2853 LXXXIV,
878 2802 921 2846 5.
952 2824 1003 2834 -
1035 2802 1168 2844 Deest
1199 2806 1356 2854 ‚‚su0“
1386 2800 1428 2842 in
1460 2799 1556 2843 edd.
1589 2800 1650 2842 M.

348 2870 391 2927 7)
420 2870 576 2913 Psalm.
607 2871 812 2923 LXXVI,
845 2871 911 2916 10.
