1734 3112
626 109 829 152 ΗοΜηιΑ
847 108 901 150 Χ.
1408 110 1494 155 217

77 223 277 286 καρποὺς
308 223 491 276 αὐτῆς.“
550 220 680 266 Κατὰ
709 224 842 265 τοῦτο
872 222 1034 278 γέγονε
1064 221 1141 263 καὶ
1170 216 1245 274 τὸ,
1278 218 1381 271 τοῦς
1409 218 1493 266 ‹3221-

78 306 186 362 δρας
221 297 452 355 Ἀναθώθ,
501 298 603 350 τοὺς
644 295 775 349 ὄντας
815 298 865 342 ἐν
907 302 969 355 τῷ
1012 298 1315 353 ἓπακουσμῷ,
1357 301 1497 353 ζητεῖν

80 379 160 435 τὴν
190 375 344 434 ψυχὴν
375 375 708 435 οὐχἾερεμίου·
741 375 848 421 οὐδὲ
876 375 968 435 γὰρ
998 374 1025 429 ή
1056 377 1232 435 ἱστορία
1263 377 1397 431 λέγει,
1432 374 1499 421 ὅτι

77 454 242 516 ἄνδρες
258 453 473 499 Ἀναθὼθ
503 452 717 510 ἐζήτησαν
746 452 828 509 τὴν
857 451 1258 512 ψυχῆνἸερεμίου.
1298 446 1499 510 ’Έχομεν

77 532 156 583 τὰς
187 534 439 582 Βασιλείας.
501 535 746 590 Μέμνηται
785 529 809 586 ἦ
847 529 1005 591 γραφὴ
1038 531 1134 576 ἐκεῖ
1157 532 1238 574 τοῦ
1264 527 1497 589 Ἱερεμίου.

81 607 230 654 Οὐδὲν
272 611 481 654 τοιοῦτον
522 611 573 654 ἐν
617 609 772 658 αὐταῖς
818 612 1009 667 εἴρηται,
1053 607 1144 652 ἀλλ’
1180 606 1283 652 οὐδ’
1317 608 1368 652 ἐν
1403 615 1501 658 ταῖς

78 688 518 744 Παραλειπομέναις.
567 682 770 745 ’Έχομεν
806 684 897 744 γὰρ
938 684 1078 739 αὐτὴν
1111 684 1194 740 τήν
1233 688 1392 743 βίβλον
1421 690 1500 731 τοῦ

75 762 342 823 προφήτου·
388 764 522 810 οὐδὲν
552 761 785 822 εἰρήκασιν
826 766 869 808 οἱ
900 758 1061 821 ἄνδρες
1086 760 1313 808 ’Λναθώθ-
1369 761 1503 809 Ἀλλι-ἰ

78 844 215 886 ταῦτα
251 844 428 898 λέγεται
470 844 576 900 περὶ
617 843 843 897 Χριστοῦ·
904 839 1108 896 ,,τοὺς“)
1150 844 1382 897 ζητοῦντας
1421 841 1504 897 τὴν

78 917 233 977 ψυχήν
271 936 385 978 μου,
433 918 536 969 τοὺς
574 922 814 977 λέγοντας·
863 917 914 962 οὐ
953 916 1016 976 μή
1055 916 1385 977 προφητεύσεις
1425 921 1504 964 ἐπὶ

78 1000 139 1054 τῷ
192 995 384 1054 ὀνόματι
427 998 634 1056 κυρίου.“
706 993 968 1041 Ἐκώλυσαν
1003 995 1219 1042 Ἰουδαῖοι
1267 995 1506 1044 διδάσκειν

77 1075 264 1129 Ἰησοῦν.
325 1076 418 1129 „Ei
435 1074 479 1130 ²)
511 1074 562 1119 δὲ
591 1072 679 1131 μὴ,
720 1071 934 1135 ἀποθάνῃ
965 1074 1016 1119 ἐν
1045 1079 1142 1125 ταῖς
1167 1077 1329 1134 χερσὶν
1357 1073 1504 1133 ἡμῶν.

76 1149 207 1206 Ἰδοὺ,
240 1148 329 1208 ἐγώ
361 1150 672 1209 ἐπισκέψομαι
702 1151 768 1195 ἐπ’
805 1150 984 1202 αὐτούς’
1020 1154 1064 1196 οἱ
1096 1155 1328 1198 νεανίσκοι
1352 1151 1505 1198 αὐτῶν

83 1229 133 1273 ἐν
162 1230 372 1289 ῥομφαίᾳ
412 1226 783 1285 ἀποθανοῦνται,
825 1232 903 1273 καὶ
941 1231 984 1274 οἱ
1024 1230 1118 1275 υἱοὶ
1155 1227 1306 1273 αὐτῶν
1343 1231 1420 1273 καὶ
1460 1231 1508 1273 αἱ

81 1307 325 1363 θυγατέρες
346 1303 497 1350 αὐτῶν
527 1303 870 1361 τελευτήσουσιν
900 1307 951 1351 ἐν
974 1306 1147 1365 λιμῷ.“
1208 1304 1273 1351 Οὐ
1303 1303 1403 1351 τότε
1431 1323 1508 1353 τε-

81 1379 396 1435 τελευτήκασιν
433 1383 484 1427 ἐν
527 1384 763 1442 ῥομφαίᾳ,
815 1380 928 1427 ἀλλὰ
968 1381 1082 1440 μετὰ
1127 1381 1211 1437 τήν
1260 1381 1504 1444 πόρθησιν.

84 1462 187 1503 Νῦν
215 1457 405 1516 λιμόςὸ)
442 1451 583 1514 ἦλθεν
613 1458 678 1503 ἐπ’
715 1459 901 1516 αὐτοὺς,
945 1460 996 1506 οὐ
1027 1459 1157 1517 λιμὸς
1199 1456 1359 1519 ἄρτου,
1401 1461 1510 1507 οὐδὲ

83 1538 202 1593 δίψα
232 1534 422 1592 ὕδατος,
465 1536 559 1581 ἀλλ’
601 1536 624 1581 ὁ
655 1537 785 1595 λιμὸς
822 1540 902 1583 τοῦ
937 1537 1131 1582 ἀκοῦσαι
1164 1536 1306 1595 λόγον
1333 1543 1507 1597 κυρίου.
1574 1589 1579 1593 ,

87 1615 178 1658 Οὐκ
197 1615 261 1658 ἔτι
280 1612 395 1673 γάρ·
427 1613 569 1670 ,,τάδε
598 1618 718 1673 λέγει
739 1614 892 1676 κύριος
915 1613 1257 1673 παντοκράτωρ·
1273 1616 1303 1639 “
1332 1618 1510 1674 λέγεται

82 1692 187 1752 παρ’
223 1690 386 1742 αὐτοῖς.
427 1691 505 1737 Ἐν
521 1692 563 1748 ⁴²)
595 1694 704 1755 αὐτῇ
738 1692 760 1738 ὁ
791 1691 936 1751 λιμὸς,
967 1695 1044 1738 ἵνα
1074 1691 1098 1747 ἦ
1130 1698 1390 1754 προφητεία
1417 1712 1512 1751 μη-

82 1773 174 1814 κέτι
203 1761 253 1830 ᾗ,
284 1772 375 1826 καὶ,
406 1775 452 1814 τί
478 1774 591 1829 λέγω
623 1776 903 1830 προφητεία;
936 1770 1044 1815 οὐδὲ
1073 1771 1362 1816 διδασκαλία.
1406 1769 1510 1817 Κᾶν

82 1846 292 1908 μυριάκις
316 1852 655 1906 χρηματίζωσιν
683 1848 787 1907 παρ’
817 1848 969 1898 αὐτοῖς
997 1851 1157 1907 σοφοὶ,
1191 1849 1275 1894 οὐκ
1305 1851 1399 1894 ἔστι
1428 1849 1511 1894 λό-

84 1944 164 1984 γος
179 1930 336 1982 κυρίου
355 1927 419 1971 ἔτι
442 1927 492 1970 ἐν
521 1925 687 1982 αὐτοῖς,
709 1926 808 1972 ἐπεὶ
832 1923 1124 1986 ἐπεπλήρωτο
1147 1925 1197 1971 τό
1214 1942 1223 1951 ·
1255 1926 1514 1985 ,,ιέφελεῖ5)

84 2006 238 2064 κύριος
283 2003 374 2048 ἀπὸ
420 2007 494 2060 τῆς
535 2004 784 2062 Ἰουδαίας,
829 2005 906 2046 καὶ
947 2003 1039 2049 ἀπὸ
1086 2007 1164 2059 τῆς
1197 2002 1510 2065 Ἰερουσαλὴμ,

85 2080 302 2140 ἰσχύοντα
342 2084 420 2127 καὶ
458 2081 733 2140 ἰσχύουσαν,
765 2084 985 2139 γίγαντα,
1028 2083 1107 2126 καὶ
1146 2081 1366 2140 ἰσχύοντα
1380 2117 1392 2138 ,
1435 2085 1513 2126 καὶ

87 2155 338 2218 ἄνθρωπον
375 2159 677 2217 πολεμιστὴν,
725 2162 802 2204 καὶ
839 2158 1081 2216 δικαστήν,
1127 2163 1205 2204 καὶ
1246 2157 1509 2219 προφήτην,

88 2241 166 2281 καὶ
195 2237 469 2295 στοχαστὴν,
512 2240 590 2283 καὶ
618 2235 948 2295 πρεσβύτερον,
991 2241 1069 2281 καὶ
1098 2236 1510 2296 πεντηκόνταρχον,

88 2319 166 2361 καὶ
194 2315 465 2371 θαυμαστὸν
493 2315 769 2376 σύμβουλον,
803 2318 880 2360 καὶ
910 2313 1063 2374 σοφὸν
1094 2315 1402 2373 ἀρχιτέκτονα,
1437 2319 1516 2360 καὶ

90 2392 277 2440 συνετὸν
309 2393 585 2452 ἀκροατήν.“
625 2394 784 2439 Οὐκέτι
817 2395 911 2438 ἔστι
940 2393 1044 2452 παρ’
1079 2392 1230 2443 αὐτοῖς
1259 2393 1516 2451 δυνάμενος

90 2476 258 2519 εἰπεῖν·
304 2470 462 2528 ,,ὠς6)
507 2471 652 2531 σοφὸς
692 2473 969 2535 ἁρχιτέκτων
1012 2473 1229 2529 θεμέλιον
1274 2473 1515 2518 τέθεικα.“

211 2643 252 2698 ¹)
281 2642 436 2683 Jerem.
468 2640 557 2692 XI,
586 2639 655 2684 21.
773 2640 819 2698 ²)
845 2641 1002 2684 Jerem.
1031 2640 1119 2693 XI,
1148 2640 1216 2687 21.
1250 2639 1318 2685 22.

210 2714 252 2768 3)
285 2713 374 2755 Cfr.
405 2714 547 2754 Amos.
578 2711 708 2761 VIII,
740 2710 805 2756 11.

211 2784 254 2839 4)
283 2783 391 2825 Edd.
419 2780 586 2824 Huetii:
629 2778 737 2836 αὕτη
770 2778 794 2825 ὁ
825 2777 954 2839 λιμός
984 2783 1073 2825 κτλ.

213 2855 256 2912 ⁵)
288 2853 375 2897 Cfr.
404 2853 527 2895 Jesai.
558 2851 646 2904 III,
677 2850 816 2898 1--3-
936 2851 980 2909 ⁵)
1010 2853 1031 2895 I
1053 2852 1152 2896 Cor.
1184 2850 1272 2904 III,
1306 2849 1371 2896 10.
