1734 3112
199 87 283 131 204
627 86 850 129 Onmssms
887 99 933 129 m
965 87 1205 130 Jssnnmmm

204 199 364 258 κόσμῳ
393 191 473 256 ἦν,
520 199 598 244 καὶ
629 198 651 244 6
685 197 854 256 κόσμος
885 198 940 243 δι’
977 198 1116 243 αὐτοῦ
1149 199 1350 258 ἐγένετο,
1381 201 1459 244 καὶ
1491 201 1515 245 6
1545 201 1628 246 κό-

202 295 316 337 σμος
347 276 488 323 αὑτὸν
517 276 599 322 οὐκ
631 278 764 336 ἔγνω.
835 279 917 327 Εἰς
947 275 1000 321 τὰ
1029 276 1124 320 ἴδια
1154 268 1288 333 ἦλθε,
1331 280 1407 321 καὶ
1445 280 1487 323 οἱ
1517 280 1628 324 ἴδιοι

201 354 342 402 αὐτὸν
371 355 424 401 οὐ
453 357 764 415 παρέλαβον.“
824 352 924 415 Χρὴ
956 357 1114 411 μέντοι
1142 370 1196 412 γε
1228 356 1412 413 εἰδέναι,
1446 353 1514 401 ὅτι
1548 359 1627 401 καὶ

200 432 426 493 πρότερον
464 431 707 491 ἐπεδήμει,
744 435 782 477 εἰ
812 434 889 475 καὶ
916 430 981 492 μὴ
1015 434 1305 491 σωματικῶς,
1349 431 1409 484 ὥς
1439 433 1490 478 ἐν
1518 431 1628 478 ἑκά-

202 527 291 570 στῳ
320 516 412 558 τῶν
442 510 610 569 ἁγίων·
652 511 728 554 καὶ
768 507 884 567 μετὰ
927 508 1008 565 τὴν
1046 509 1298 566 ἐπιδημίαν
1336 510 1475 556 αὐτοῦ
1515 508 1628 556 ταὺ-

202 605 284 647 την
311 590 394 646 τὴν
422 591 711 648 βλεπομένην
740 585 882 631 πάλιν
908 586 1022 645 ἡμῖν
1049 587 1276 645 ἐπιδημεῖ.
1322 591 1416 632 Καὶ
1446 591 1485 634 εἰ
1514 587 1629 644 βού-

200 671 266 716 λει
295 665 466 713 τούτων
496 663 734 716 ἀπόδειξιν
762 668 941 721 λαβεῖν,
982 662 1179 725 πρόσεχε
1209 667 1296 722 τῷ·
1337 663 1398 723 ,,ὁ
1422 666 1461 724 ¹)
1492 664 1628 725 λόγος

203 744 226 791 6
256 743 504 804 γενόμενος
531 743 646 803 πρὸς
672 741 894 800 Ἱερεμίαν
925 741 1053 803 παρὰ
1073 747 1245 801 κυρίου,
1279 745 1449 801 λέγων·
1484 742 1629 789 ἀκού-

201 825 359 880 σατε,“
388 826 466 867 καὶ
494 821 547 866 τὰ
581 822 694 877 ἑξῆς.
770 825 848 871 Τίς
876 819 967 878 γάρ
998 820 1123 865 ἔστιν
1154 818 1176 864 6
1209 817 1344 878 λόγος
1375 821 1398 865 6
1430 819 1630 880 γενόμε-

202 919 279 953 νος
308 900 433 960 παρὰ
463 904 623 958 κυρίου
655 901 741 945 εἴτε
770 897 886 955 πρὸς
907 896 1144 956 Ἱερεμίαν,
1170 901 1258 943 εἴτε
1286 896 1401 957 πρὸς
1418 897 1626 956 Ἡσαΐαν,

199 984 288 1026 εἴτε
316 977 431 1040 πρὸς
456 975 680 1033 ’[εζεκιὴλ,
729 980 815 1022 εἴτε
860 975 974 1035 πρὸς
1005 973 1253 1031 ὁνδήποτε;
1295 973 1344 1020 ‘0
1360 975 1404 1033 ²)
1435 977 1486 1022 ἐν
1517 976 1630 1039 ἀρχῇ

199 1055 314 1116 πρὸς
342 1055 424 1102 τὸν
453 1053 575 1101 θεόν.
638 1052 758 1112 Ἐγώ
793 1053 874 1099 οὐκ
906 1049 1010 1098 οἶδα
1043 1049 1184 1097 ἄλλον
1216 1051 1358 1112 λόγον
1388 1057 1569 1112 κυρίου,
1600 1051 1629 1110 ἢ

199 1138 376 1190 τοῦτον,
407 1135 515 1195 περὶ
541 1124 597 1178 οὗ
626 1136 803 1190 εἴρηκεν
833 1129 856 1176 6
888 1130 1205 1189 εὐαγγελιστῆς
1233 1128 1309 1175 τό·
1341 1131 1485 1188 ,,ἐν3)
1515 1130 1629 1194 ἀρχῇ

201 1204 257 1267 ἦν
288 1209 310 1256 6
341 1208 501 1268 λόγος,
545 1213 620 1255 καὶ
661 1208 683 1254 6
729 1208 864 1268 λόγος
904 1201 962 1265 ἦν
990 1207 1104 1268 πρὸς
1134 1207 1214 1252 τὸν
1244 1206 1381 1264 θεὸν,
1420 1211 1498 1253 καὶ
1525 1209 1634 1260 θεὸς

202 1281 260 1343 ἧν
290 1287 314 1333 6
347 1285 535 1347 λόγος.“
595 1289 688 1331 Καὶ
718 1289 861 1331 ταῦτα
894 1286 944 1331 δὲ
973 1284 1094 1343 ἡμᾶς
1125 1287 1295 1331 εἰδέναι
1317 1283 1422 1348 χρὴ,
1458 1283 1525 1331 ὅτι
1556 1283 1634 1338 οὓς

198 1363 396 1427 μάλιστά
439 1365 562 1410 ἐστιν
601 1365 845 1422 ἑνοῦσθαι,
889 1362 1004 1422 πρὸς
1043 1362 1235 1408 ἕκαστον
1275 1363 1496 1421 ἐπιδημία
1537 1365 1633 1409 ἐστὶ

203 1446 282 1488 τοῦ
313 1441 468 1502 λόγου.
535 1447 596 1487 Τί
621 1440 712 1503 γάρ
742 1459 822 1500 μοι
855 1437 1034 1501 ὄφελος,
1067 1443 1107 1486 εἰ
1137 1438 1472 1499 ἐπιδεδήμηκεν
1502 1439 1524 1485 6
1551 1439 1634 1486 λό-

202 1538 284 1580 γος
313 1524 374 1579 τῷ
405 1519 576 1579 κόσμῳ,
610 1518 700 1579 ἐγώ
736 1519 787 1565 δὲ
813 1518 952 1564 αὐτὸν
982 1517 1065 1563 οὐκ
1095 1518 1244 1577 ἔγνων
1260 1517 1332 1574 ⁴),·
1377 1517 1455 1562 ’Eae
1478 1520 1529 1564 δὲ
1552 1521 1631 1565 τοῦ

205 1600 440 1655 ἐναντίου,
490 1601 530 1644 εἰ
573 1600 650 1641 καὶ
681 1598 871 1654 μηδέπω
906 1594 995 1654 ὅλῳ
1025 1599 1087 1654 τῷ
1118 1594 1276 1656 κόσμῳ
1309 1594 1630 1654 ἐπιδεδήμηκε,

204 1676 284 1727 δὸς
313 1678 369 1721 δέ
392 1692 451 1733 με
480 1678 723 1733 γεγονέναι.
753 1674 867 1720 κατὰ
896 1673 999 1725 τούς
1027 1672 1280 1734 προφήτας,
1313 1673 1402 1733 ἐγώ
1433 1675 1521 1733 ἔχω
1552 1673 1633 1720 τὸν

202 1751 357 1811 λόγον,
390 1756 466 1797 καὶ
497 1757 673 1812 εἴποιμι
705 1750 776 1808 ἂν,
812 1750 879 1796 ὅτι
911 1750 933 1797 6
962 1751 1158 1811 Χριστὸς
1187 1757 1351 1811 γέγονε
1380 1751 1493 1813 πρὸς
1509 1759 1631 1798 Μω-

203 1835 307 1888 σέα,
347 1830 462 1889 πρὸς
487 1829 728 1890 Ἱερεμίαν,
769 1827 884 1888 πρὸς
906 1829 1122 1887 ’Πσαῖαν,
1168 1830 1282 1890 πρὸς
1319 1831 1515 1877 ἕκαστον
1543 1835 1634 1877 τῶν

203 1912 418 1965 δικαίων,
459 1911 538 1952 καὶ
566 1906 614 1953 τὸ
648 1910 888 1966 εἰρημένον
917 1905 992 1951 ὑπ’
1028 1908 1167 1953 αὐτοῦ
1198 1906 1312 1966 πρὸς
1340 1908 1445 1958 τοὺς
1471 1917 1632 1968 μαθη-

203 1985 304 2037 τάς·
335 1975 565 2045 ,,ῗδοὺ5),
602 1984 692 2045 ἐγώ
724 1990 818 2043 εἰμι
848 1984 949 2042 μεθ’
992 1983 1126 2042 ὑμῶν
1154 1983 1306 2036 πάσας
1336 1985 1416 2035 τὰς
1446 1985 1628 2045 ἡμέρας,

996 2062 1029 2088 “
1060 2065 1178 2121 ἔργῳ
1195 2062 1396 2120 ἐσώζετο,
1428 2067 1505 2110 καὶ
1531 2066 1631 2124 ἐγί-

206 2066 288 2116 {mg
317 2067 395 2119 τῆς
423 2067 678 2116 συντελείας
697 2068 776 2110 τοῦ
794 2066 980 2114 αῗῶνος·

205 2159 304 2189 νετο
335 2145 413 2187 καὶ
439 2142 529 2200 πρὸ
559 2146 635 2198 τῆς
664 2143 908 2199 ἐπιδημίας
936 2140 1074 2186 αὐτοῦ
1093 2155 1105 2166 ·
1154 2134 1215 2197 ἦν
1244 2140 1335 2201 γὰρ
1364 2141 1479 2199 μετὰ
1511 2149 1633 2189 Μω-

204 2224 328 2277 σέως,
360 2223 437 2265 καὶ
470 2213 528 2276 ἦν
555 2219 892 2279 μετὰἨσαὶόυ,
925 2222 1002 2264 καὶ
1025 2220 1128 2277 μεθ’
1152 2218 1343 2266 ἑκάστου
1360 2224 1452 2267 τῶν
1467 2221 1631 2282 ἁγίων.

204 2302 312 2350 Πῶς
341 2296 564 2344 δύνανται
593 2299 760 2345 ἐκεῖνοι
791 2296 933 2356 λόγον
961 2301 1073 2344 θεοῦ
1104 2302 1410 2357 λελαληκέναι,
1441 2304 1521 2347 τοῦ
1549 2301 1633 2348 λό-

203 2394 291 2435 γου
321 2380 400 2422 τοῦ
432 2379 543 2422 θεοῦ
573 2375 638 2436 μὴ
672 2375 1038 2435 ἐπιδημήσαντος
1067 2377 1245 2433 αὐτοῖς,·
1293 2381 1448 2424 Ταῦτα
1471 2381 1521 2426 δὲ
1535 2379 1633 2440 μά-

323 2574 364 2630 1)
396 2574 554 2615 Jerem.
582 2571 659 2620 XI,
693 2570 728 2612 1.
757 2569 796 2614 2.

321 2645 367 2700 ²)
398 2644 486 2686 cfr.
518 2658 580 2686 ev.
610 2642 762 2683 Joann.
794 2641 829 2692 I,
861 2641 898 2686 1.
1019 2644 1061 2701 3)
1091 2644 1168 2687 Ev.
1199 2647 1350 2691 Joann.
1380 2647 1412 2698 I,
1445 2649 1482 2693 1.

324 2715 367 2771 ⁴)
398 2715 451 2756 H.
482 2715 536 2756 ad
564 2710 815 2765 marginem:
848 2713 1033 2765 „scribez
1064 2717 1202 2773 ἕχω,“
1232 2718 1283 2760 R.
1315 2717 1357 2760 in
1380 2719 1513 2763 notis:
1545 2721 1632 2772 ’,ἰε-

206 2772 328 2825 gebat
356 2770 660 2829 Hieronymus:
694 2770 829 2825 ἔχω.“

325 2842 366 2896 ὀ)
396 2841 547 2884 Matth.
577 2839 780 2891 xxvm,
810 2840 875 2884 20.
