1734 3112
243 89 325 133 194
669 93 888 136 Omenms
929 106 974 137 ΙΝ
1004 93 1243 136 Jssnnmum

243 206 488 261 γραμμένη
516 208 832 261 Σολομῶντος.
903 206 992 250 Διὰ
1031 209 1162 250 τοῦτο
1194 204 1277 262 ὅση
1321 203 1539 265 δύναμις,
1577 207 1674 252 ἐπεὶ

246 281 527 340 ἀνορθοῦται
555 282 580 339 ἡ
616 287 860 344 οἰκουμένη
900 286 950 329 ἐν
979 287 1030 346 τῇ
1062 289 1207 344 σοφίᾳ
1237 286 1316 328 τοῦ
1347 288 1476 342 θεοῦ,
1507 283 1676 342 βουλό-

244 365 368 417 μεθα
410 361 461 406 δὲ
502 365 580 405 καὶ
611 361 740 407 αὐτοὶ
770 363 1098 423 ἀνορθωθῆναι
1131 360 1262 421 ἡμῶν
1293 360 1375 418 τὴν
1405 365 1678 422 οἰκουμένην

246 436 364 497 τάχα
392 443 656 485 πεσοῦσαν·
689 444 898 487 πέπτωκε
928 439 1018 499 γὰρ
1052 438 1160 496 αὕτη
1190 438 1216 495 ἡ
1251 443 1509 500 οἰκουμένη,
1541 439 1677 498 ἡνίκα

244 514 527 577 ἡμάρτομεν,
560 517 865 579 ἠσεβήσαμεν,
899 517 1210 577 ἠδικήσαμεν,
1247 520 1324 562 καὶ
1355 521 1503 566 δέεται
1534 519 1676 578 ἀνορ-

245 592 443 645 θώσεως.
511 594 619 646 Θεὸς
653 589 734 641 οὖν
768 594 790 642 ὁ
827 594 1095 654 ἀνορθώσας
1126 596 1209 651 τὴν
1241 599 1515 655 οἰκουμένην
1537 598 1676 642 ἐστίν.

247 676 306 719 Εἰ
336 674 386 718 δὲ
423 672 488 732 μὴ
527 677 738 719 τοιοῦτον
776 672 1023 732 λαμβάνεις
1064 672 1138 720 τό·
1188 673 1553 734 ,,ἀνορθώσαςῐ)
1598 671 1679 730 τὴν

246 754 592 810 οἰκουμένην·“
630 751 747 797 ἀλλὰ
780 750 1043 811 κοινότερον
1074 749 1243 809 νοήσας
1271 751 1355 808 τὴν
1387 755 1676 812 οἰκουμένην,
1724 764 1734 794 ·;

244 826 359 884 ζήτει
407 827 558 876 πόθεν
602 828 873 891 ἀνορθώσας
913 832 1008 876 ἐστὶ
1046 828 1128 887 τὴν
1175 833 1464 889 οἰκουμένην.
1544 826 1679 886 Ζήτει
1732 817 1734 840 ³

242 908 319 962 τῆς
349 909 619 966 οἰκουμένης
646 913 848 969 πτῶσιν,
898 913 975 955 ἵνα
1017 907 1161 970 εὑρὼν
1199 908 1336 965 αὐτῆς
1373 906 1454 965 τὴν
1483 909 1677 965 πτῶσιν,
1732 903 1734 926 ³

245 986 345 1046 ἴδῃς
373 986 509 1043 αὐτῆς
535 985 618 1044 τὴν
649 986 927 1047 ἀνόρθωσιν.
989 991 1055 1031 Εἴ
1083 1005 1146 1037 τις
1177 978 1260 1033 οὖν
1290 986 1414 1032 ἐστιν
1443 986 1494 1032 ἐν
1523 988 1573 1047 τῇ
1607 986 1678 1030 οἰ-

244 1068 446 1126 κουμένῃ
476 1063 635 1128 ταύτῃ·
657 1090 708 1097 -
735 1064 817 1111 ἐὰν
838 1064 979 1116 οὕτως
997 1064 1174 1122 νοήσεις
1194 1064 1276 1121 τὴν
1306 1067 1603 1123 οἰκουμένην·
1631 1087 1680 1097 —-

247 1144 402 1199 δῆλον,
436 1141 504 1188 ὅτι
535 1145 679 1189 δεῖται
709 1148 787 1200 τῆς
820 1141 1135 1202 ιῖνορθώσεως.
1209 1143 1371 1193 Οὐδεὶς
1410 1143 1459 1188 δὲ
1498 1140 1562 1199 μὴ
1593 1158 1680 1188 πε-

248 1219 342 1264 σών
387 1222 533 1266 δεῖται
579 1226 655 1278 τῆς
712 1222 1028 1279 τένορθώσεως.
1103 1225 1280 1278 Δῆλον,
1331 1219 1399 1266 ὅτι
1443 1225 1681 1266 πέπτωκεν

247 1297 433 1348 ἕκαστος
463 1302 555 1344 τῶν
587 1301 637 1344 ἓν
666 1301 715 1358 τῇ
749 1302 993 1361 οἰκουμένῃ
1027 1299 1123 1344 ἀπὸ
1163 1298 1403 1358 ἁμαρτίας.
1472 1301 1566 1343 Καὶ
1597 1295 1681 1343 κὺ-

247 1374 341 1436 ριός
371 1377 493 1421 ἐστιν
524 1375 546 1421 ὁ
582 1375 800 1436 ἀνορθῶν
829 1377 934 1427 τοὺς
975 1379 1390 1438 κατεῤῥαγμένους,
1439 1380 1517 1421 καὶ
1556 1374 1678 1421 ὑπο-

244 1458 434 1512 στηρίξει
472 1452 649 1504 πάντας
698 1454 804 1506 τοὺς
852 1461 1232 1506 καταπίπτοντας.
1306 1454 1386 1512 Ἐν
1429 1457 1490 1512 τῷ
1532 1453 1679 1512 Ἀδὰμ

242 1531 412 1583 πάντες
449 1531 822 1591 ἀποθνήσκουσι,
869 1537 948 1579 καὶ
995 1532 1135 1584 οὕτως
1173 1537 1412 1580 πέπτωκεν
1449 1531 1476 1589 ἡ
1521 1536 1678 1578 οἰκου-

242 1615 382 1669 μένη,
416 1615 494 1656 καὶ
525 1614 668 1657 δεῖται
700 1612 1025 1671 ιἰνορθώσεως,
1057 1617 1133 1658 ἵνα
1165 1614 1214 1657 ἒν
1243 1616 1305 1670 τῷ
1340 1613 1524 1672 Χριστῷ
1555 1608 1679 1656 πάν-

241 1706 312 1739 τες
342 1692 709 1745 ζωοποιηθῶσιν·
757 1691 872 1737 ὥστε
913 1693 1050 1749 διχῶς
1080 1691 1355 1736 ἀποδέδωκα
1384 1688 1438 1734 τὰ
1469 1692 1574 1750 περὶ
1604 1691 1681 1744 τῆς

246 1770 536 1827 οἰκουμένης·
569 1767 632 1823 πὴ
662 1768 752 1827 μὲν
782 1770 859 1813 ἐπὶ
890 1769 971 1815 ἕνα
1003 1770 1196 1815 ἕκαστον
1225 1767 1418 1825 δεικνὺς,
1450 1770 1547 1818 πῶς
1568 1764 1679 1812 ἑκά-

246 1860 326 1900 στη
377 1845 503 1903 ψυχὴ
549 1841 647 1901 ἤτοι
698 1850 941 1903 οἰκουμένη
988 1848 1137 1903 ἐστὶν,
1191 1844 1219 1903 ἢ
1265 1849 1453 1908 ἔρημος·
1506 1844 1568 1903 πὴ
1626 1846 1678 1890 δὲ

243 1923 311 1967 ἐπ’
348 1922 487 1979 αὐτῆς
516 1921 681 1979 στήσας
712 1923 791 1970 τὸν
823 1923 965 1983 λόγον
996 1928 1073 1982 τῆς
1103 1928 1386 1983 οἰκουμένης.

355 2001 396 2046 2.
427 2001 612 2061 ,,Καὶ,2)
645 2003 696 2046 ἓν
721 2005 771 2063 τῇ
799 2001 1024 2062 φρονήσει
1050 2002 1190 2049 αὐτοῦ
1220 2004 1403 2054 ἐξέτεινε
1421 2000 1501 2047 τὸν
1531 2000 1675 2061 οὐρα-

245 2077 379 2125 νόν.“
443 2079 508 2124 Οὐ
540 2084 817 2138 συντυχικῶς
845 2079 927 2137 τὴν
959 2078 1188 2139 φρόνησιν
1220 2083 1482 2141 παρέλαβον
1501 2080 1578 2124 ἐπὶ
1596 2081 1676 2124 τοῦ

245 2157 471 2219 οὐρανοῦ·
499 2156 702 2215 εὑρήσεις
724 2158 814 2220 γὰρ
840 2160 890 2204 ἒν
916 2164 1013 2208 ταῖς
1035 2163 1315 2219 Παροιμίαις
1340 2163 1523 2217 λεχθέν·
1556 2156 1615 2215 ,,ὁ
1631 2157 1676 2215 3)

242 2233 350 2286 θεὸς
395 2236 446 2280 ἐν
489 2239 539 2297 τῇ
586 2240 730 2296 σοφίᾳ
781 2239 1054 2296 ἔθεμελίωσε
1093 2237 1176 2294 τὴν
1211 2241 1324 2296 γῆν,
1372 2236 1594 2296 ἡτοίμασε
1625 2237 1678 2282 δὲ

245 2313 470 2374 οὐρανοὺς
497 2315 547 2358 ἐν
577 2311 856 2373 φρονήσει.“
904 2312 1062 2362 Ἔστιν
1094 2308 1179 2362 οὖν
1208 2334 1273 2367 τις
1303 2314 1527 2377 φρόνησις
1545 2317 1672 2371 θεοῦ,

241 2391 301 2449 ἣν
328 2409 409 2450 μοι
440 2391 558 2447 ζήτει
589 2393 639 2437 ἐν
679 2396 863 2453 Χριστῷ
901 2393 1068 2450 Ἰησοῦ.
1137 2392 1299 2439 Πάντα
1339 2395 1431 2454 γὰρ
1473 2393 1557 2439 ὅσα
1594 2396 1675 2439 τοῦ

241 2472 378 2526 θεοῦ,
421 2472 608 2514 τοιαῦτα
654 2471 704 2515 ἓν
743 2470 865 2529 αὐτῷ
906 2473 1053 2518 ἐστιν·
1098 2470 1121 2517 ὁ
1168 2470 1367 2532 Χριστός
1406 2474 1499 2518 ἔστι
1530 2477 1707 2532 σοφία,

239 2549 322 2592 τοῦ
351 2549 481 2604 θεοῦ,
512 2546 646 2598 αὐτὸς
677 2545 873 2608 δύναμις
901 2551 1041 2607 θεοῦ,
1085 2549 1219 2602 αὐτὸς
1247 2548 1516 2607 δικαιοσύνη
1545 2552 1674 2607 θεοῦ,

242 2623 377 2677 αὐτὸς
415 2623 662 2684 ἁγιασμὸς,
713 2625 847 2679 αὐτὸς
890 2627 1225 2690 ἀπολύτρωσις,
1274 2627 1409 2680 αὐτὸς
1450 2627 1674 2691 φρόνησίς

359 2794 400 2851 ¹)
429 2795 587 2837 Jerem.
616 2796 671 2846 X,
703 2795 768 2839 12.
896 2799 938 2856 2)
968 2799 1126 2846 Jerem.
1155 2799 1209 2852 X,
1241 2798 1306 2844 12.

359 2865 402 2922 ³)
433 2865 559 2909 prov.
592 2866 670 2917 111,
706 2866 770 2910 19.
