1734 3112
226 85 282 130 90
376 87 598 130 OmGEms
627 100 673 129 m
705 87 888 131 CANTm.
921 87 1225 131 cmi-monum
1254 88 1396 130 mez
1427 88 1499 129 IV.

226 211 296 240 tur
316 199 379 257 ¹),
410 200 482 257 qui
512 211 627 242 tenet
657 211 698 241 ct
727 200 866 242 allidit
895 201 1094 257 parvulos
1124 201 1355 260 Babylonis
1386 202 1438 242 ad
1467 212 1646 258 petram,

226 291 304 318 nec
333 277 542 333 permittit
562 294 728 320 sensum
746 278 1032 336 Babylonium
1046 278 1089 333 2)
1123 294 1307 319 crescere
1327 278 1368 318 in
1390 289 1523 319 semet
1550 278 1645 334 ipso

228 365 270 395 et
303 355 467 407 augeri,
497 357 571 396 sed
586 356 629 412 3)
662 373 758 397 cum
790 367 850 397 est
879 355 922 396 in
952 354 1104 405 initiis,
1143 356 1282 396 allidit
1313 371 1431 404 eum,
1463 365 1505 394 et
1532 364 1648 394 tenet

227 431 281 472 ad
309 443 496 487 petram:
528 444 628 474 tunc
660 434 772 474 enim
807 434 931 475 facile
960 432 1196 488 perimitur.
1242 433 1313 475 Sic
1344 448 1442 485 ergo
1464 430 1507 487 4)
1540 431 1647 471 ordo

227 509 530 565 explanationis
559 510 854 566 percurrat⁵):
885 509 1108 565 „capitess)
1139 510 1287 564 vulpes
1303 509 1426 551 nobis
1458 508 1647 565 pusillas,

226 602 333 642 quae
362 587 511 642 vulpes
550 586 827 627 exterminant
864 587 1005 628 vineas
1044 587 1284 628 florentes.“
1344 585 1475 642 Quod
1506 596 1647 625 autem

226 662 349 704 dicit:
384 663 574 715 „nobis,“
605 665 687 704 hoc
718 675 792 713 est,
821 663 926 704 mihi
955 680 1112 720 sponso
1139 675 1180 704 et
1209 678 1408 719 sponsae:
1437 663 1507 704 vel
1538 674 1651 703 certe

225 739 330 781 mihi
362 752 403 781 et
433 741 568 791 vobis,
599 741 671 797 qui
702 741 798 782 estis
828 742 993 782 sodales
1025 741 1123 782 mei.
1175 741 1323 782 Potest
1353 751 1494 781 autem
1524 752 1566 781 et
1594 740 1652 780 ita

225 817 382 874 accipi:
442 818 616 875 „capite
635 820 675 875 ⁷)
713 819 835 859 nobis
875 818 1083 873 vulpes:“
1122 831 1163 860 et
1202 830 1301 874 post
1338 817 1652 859 distinctionem

225 894 333 936 dici:
363 895 619 952 „pusillasss)
655 895 974 937 exterminantes
1000 895 1196 937 vineas:“
1226 908 1275 937 ut
1305 894 1534 952 ,‚pusillas“
1563 911 1652 935 non

224 983 313 1014 tam
342 974 394 1013 ad
427 974 596 1029 vulpes,
634 990 759 1029 quam
790 974 843 1014 ad
883 973 1023 1017 vineas
1061 974 1309 1014 referamus:
1350 984 1399 1013 ut
1428 972 1652 1013 videantur

225 1049 406 1105 pusillae
438 1050 608 1105 quidem
637 1050 783 1091 vineae
815 1051 1080 1092 exterminari
1109 1067 1257 1107 posse,
1302 1049 1347 1090 id
1379 1061 1460 1101 est,
1496 1064 1650 1106 parvae

227 1143 418 1183 quaeque
449 1127 632 1180 animae,
671 1139 713 1169 et
741 1128 860 1169 initia
889 1129 1109 1176 habentes,
1149 1143 1236 1167 non
1272 1127 1419 1167 firmae
1451 1138 1493 1168 et
1522 1127 1653 1167 robu-

226 1215 313 1246 stae
351 1205 463 1245 laedi
492 1221 618 1261 posse
648 1221 671 1245 a
702 1205 921 1246 contrariis
951 1204 1245 1260 potestatibus.
1303 1205 1425 1246 Sicut
1454 1203 1498 1244 in
1529 1219 1652 1244 evan-

226 1282 339 1334 gelio
372 1282 546 1323 dicitur:
586 1282 710 1336 „si9)
745 1281 836 1337 quis
865 1281 1207 1323 scandalizaverit
1233 1297 1367 1322 unum
1398 1282 1450 1322 de
1479 1279 1647 1337 pusillis

226 1358 356 1401 istis.“
422 1360 472 1400 In
512 1376 596 1415 quo
645 1360 903 1410 ostenditur,
948 1358 1045 1414 quia
1081 1358 1353 1400 scandalizari
1389 1374 1474 1399 non
1512 1368 1656 1413 potest

226 1435 392 1488 grandis
423 1447 465 1477 et
502 1437 710 1492 perfecta,
748 1437 823 1478 sed
861 1436 1016 1492 pusilla
1054 1447 1095 1476 et
1133 1435 1249 1476 rudis
1279 1436 1437 1485 anima,
1474 1434 1582 1475 sicut
1610 1433 1654 1474 in

225 1514 391 1569 psalmo
423 1513 598 1555 dicitur:
639 1513 837 1570 „pax¹⁰)
867 1513 1004 1554 multa
1032 1512 1304 1565 diligentibus
1333 1528 1492 1553 nomen
1519 1523 1655 1562 tuum,

227 1602 269 1632 et
297 1607 385 1632 non
417 1603 479 1632 est
506 1591 591 1632 illis
621 1591 909 1632 scandalum.“
967 1590 1108 1632 Simili
1146 1606 1244 1643 ergo
1288 1591 1482 1645 exemplo
1513 1599 1657 1644 potest

231 1668 387 1719 videri,
437 1668 554 1724 quod
594 1668 752 1723 pusilla
796 1683 986 1724 quaeque
1024 1667 1166 1718 vinea,
1214 1667 1420 1724 incipiens
1461 1665 1659 1707 videlicet

230 1745 390 1795 anima,
429 1745 564 1800 possit
593 1760 616 1785 a
645 1744 862 1800 vulpibus,
902 1744 946 1785 id
978 1757 1061 1796 est,
1091 1745 1284 1798 malignis
1315 1743 1655 1798 cogitationibus,

230 1823 298 1863 vel
335 1822 474 1879 pravis
514 1822 762 1863 doctoribus
793 1823 924 1873 laedi,
967 1824 1156 1878 perfecta
1194 1839 1296 1863 ‘vero
1329 1834 1370 1863 et
1400 1821 1546 1863 valida·
1566 1836 1655 1861 non

228 1900 375 1956 possit.
435 1900 522 1942 Sed
551 1899 586 1940 si
616 1899 833 1955 capiantur
871 1915 895 1939 a
922 1899 1047 1940 bonis
1081 1899 1327 1940 doctoribus
1356 1899 1507 1955 vulpes
1539 1897 1657 1948 istae,

231 1989 275 2019 et
301 1976 551 2036 abjiciantur
588 1993 637 2018 ex
678 1977 836 2026 anima,
877 1988 978 2018 tunc
1013 1975 1210 2033 proficiet
1247 1976 1292 2017 in
1329 1975 1574 2025 virtutibus,
1616 1986 1658 2015 et

229 2055 402 2097 florebit
428 2055 472 2096 in
501 2055 586 2096 fide
604 2056 617 2081 ¹
634 2055 688 2109 ¹).
748 2054 908 2097 Amen!

356 2253 392 2306 ¹)
422 2251 578 2292 Psalm.
604 2251 861 2301 CXXXVII,
891 2251 929 2294 9.
993 2251 1035 2304 ²)
1065 2251 1175 2292 Edd.
1195 2251 1256 2292 M.
1287 2249 1658 2308 „babylonicumf‘

347 2323 390 2378 3)
420 2322 531 2363 Edd.
550 2322 611 2364 M.
644 2322 745 2372 „sed
775 2334 815 2362 et
844 2321 885 2362 in
916 2321 1088 2362 initiis.“
1179 2321 1222 2376 4)
1249 2320 1360 2361 Edd.
1378 2320 1439 2360 M.
1472 2319 1657 2371 ,‚enim.“

351 2392 393 2446 5)
425 2393 537 2433 Edd.
567 2392 628 2433 M.
659 2399 1002 2448 „percurratur.“
1124 2390 1166 2446 ⁶)
1198 2389 1359 2431 Cantic.
1390 2391 1455 2440 II,
1488 2390 1554 2432 15.

348 2462 391 2518 7)
424 2462 582 2504 Cantic.
613 2463 676 2512 ΙΙ,
709 2462 775 2506 15.
893 2461 935 2517 ⁸)
968 2461 1127 2504 Cantic.
1158 2462 1222 2512 II,
1255 2460 1321 2503 15.

351 2532 394 2589 9)
425 2533 576 2575 Matth.
607 2533 775 2583 XVIII,
805 2533 843 2576 6.
969 2534 1035 2589 ¹⁰)
1067 2533 1220 2574 Psalm.
1254 2530 1416 2582 CXIX,
1449 2528 1542 2572 165.

327 2603 394 2659 ¹¹)
424 2602 534 2644 Edd.
565 2603 628 2644 M.
659 2603 761 2644 haec
791 2604 952 2644 addunt
981 2604 1127 2644 verba:
1178 2602 1297 2654 „Per
1328 2599 1549 2641 dominum
1579 2615 1656 2639 no-

234 2673 366 2702 strum
394 2661 541 2702 Jesum
572 2659 804 2702 Christum:
851 2660 920 2701 cui
948 2659 1001 2701 sit
1036 2661 1175 2701 honor
1205 2670 1246 2700 et
1275 2656 1411 2713 gloria
1439 2656 1482 2698 in
1511 2672 1655 2698 saecu·

234 2719 374 2760 lorum
404 2717 610 2761 saecula.“
