1763 3112
247 79 331 124 356
676 76 898 119 Omenms
928 89 975 118 m
1003 76 1244 119 Jssnssmmm

250 191 391 234 αὐτοῦ
419 186 621 237 τοιοῦτός
650 190 787 244 ἐστιν,
821 188 980 238 ὁποῖος
1013 188 1035 232 ὁ
1068 187 1256 233 πάντων
1284 187 1443 247 λόγος·
1490 190 1676 241 οὐδενὸς

252 267 345 325 γὰρ
375 265 399 311 ὁ
431 265 567 323 λόγος
594 270 696 322 ζῶν,
740 267 925 316 οὐδενὸς
961 266 982 310 ὁ
1025 265 1161 323 λόγος
1198 266 1324 316 θεός·
1371 266 1556 317 οὐδενὸς
1586 268 1676 325 γαρ

255 343 278 389 ὁ
310 344 444 401 λόγος
474 345 525 388 ἐν
555 343 668 404 ιἰρχῇ
700 344 815 402 πρὸς
832 347 1009 389 ἐκεῖνον
1040 336 1109 398 ἦν,
1145 336 1199 388 οὗ
1230 343 1252 389 ὁ
1286 342 1421 401 λόγος
1452 337 1522 399 ἦν.
1572 343 1677 389 Κᾶν

253 416 368 479 ἦν’)
399 421 563 478 μόνος,
615 419 705 465 ἀπό
750 440 869 471 τινος
908 417 1026 478 ἦν’ὶ)
1068 422 1220 479 ἀρχῆς.
1293 421 1418 467 Οὕτω
1461 424 1511 467 δὲ
1543 421 1674 478 καὶὴ

254 500 364 559 ὀργῆ
396 502 475 544 τοῦ
506 501 634 552 θεοῦ,
670 498 781 556 ὀργὴ
813 499 1016 556 οὐδενὸς,
1051 491 1102 543 οὗ
1122 515 1240 548 τινος
1260 498 1395 557 ὀργή·
1430 504 1506 543 καὶ
1523 499 1678 558 ὥσπερ

252 582 383 628 ξένον
413 595 451 621 τι
484 578 576 632 ἔχει
606 574 628 619 ὁ
661 574 799 633 λόγος
828 580 906 620 τοῦ
942 581 1054 622 θεοῦ
1094 575 1221 634 παρὰ
1259 575 1410 620 πάντα
1441 576 1520 621 τὸν
1552 576 1678 621 οὑτι-

253 658 422 700 νοσοῦν
451 652 606 710 λόγον,
639 657 716 696 καὶ
745 655 836 710 ἔχει
866 657 1011 709 ξένον,
1042 654 1092 699 τὸ
1123 652 1241 699 εἶναι
1270 654 1390 709 θεὸς,
1423 659 1499 698 καὶ
1531 654 1579 699 τὸ
1609 650 1678 699 εἷ-

253 750 328 777 ναι
365 730 582 789 λόγος,3)
627 728 693 774 ὢν
737 732 823 782 ζῶν
860 731 909 775 τὸ
944 733 1239 789 ἐφεστηκέναι
1280 732 1380 775 καθ’
1421 732 1575 781 εἰιυτὸ,
1626 732 1676 776 τὸ

254 810 492 866 ὑπηρετεῖν
534 811 595 864 τῷ
643 814 804 866 πατρί·
864 807 1003 858 οὕτως
1048 810 1203 866 enm)
1250 808 1373 859 ἅπαξ
1425 808 1677 866 ὠνομάσθη

253 891 380 941 θεοῦ,
415 884 437 941 ἦ
472 888 730 942 καλουμένη
761 885 899 929 αὐτοῦ
931 886 1058 944 ὀργὴ,
1093 891 1224 937 ξένον
1254 905 1295 930 τι
1327 889 1417 944 ἔχει
1448 891 1522 932 καὶ
1538 885 1679 931 ἀλλό-

253 981 379 1021 τριον
408 964 557 1017 πάσης
585 966 663 1007 τοῦ
697 962 994 1023 ὀργιζομένου
1027 964 1177 1021 ὀργῆς.
1241 965 1394 1014 Οὕτως
1425 969 1501 1008 καὶ
1532 964 1554 1008 ό
1587 971 1677 1008 θυ-

251 1042 339 1100 μὸς
369 1041 506 1086 αὐτοῦ
537 1040 658 1085 ἴδιόν
685 1057 726 1084 τι.
757 1041 871 1097 ἔχει·
914 1041 1064 1098 gauf)
1095 1041 1185 1099 γὰρ
1219 1040 1241 1085 ὁ
1271 1041 1419 1098 θυμὸς
1450 1046 1526 1095 τῆς
1555 1059 1676 1099 προ-

252 1124 436 1174 θέσεως,
471 1122 548 1172 τῆς
567 1120 645 1161 τοῦ
671 1121 808 1174 θυμῷ
826 1119 1103 1175 ἐλέγχοντος,
1134 1123 1415 1177 βουλομένης
1442 1118 1522 1164 τόν
1547 1121 1680 1176 ἐλεγ-

247 1197 453 1255 χόμενον
482 1194 559 1239 διὰ
582 1198 669 1238 τοῦ
702 1196 894 1251 ἐλέγχου
925 1197 1229 1252 ἐπιστρέφειν.
1271 1197 1472 1254 Ἐλέγχει
1504 1200 1580 1240 καὶ
1597 1195 1679 1240 λό-

249 1292 345 1333 γος,
378 1272 437 1323 ὡς
463 1270 725 1329 παιδεύειὸ)
754 1270 971 1329 λόγος·”’)
998 1272 1090 1316 ἀλλ’
1127 1273 1211 1330 οὐχ
1237 1272 1376 1324 οὕτως
1401 1276 1571 1332 ἐλέγχει
1597 1272 1679 1317 λό-

251 1370 355 1412 γος,
401 1349 461 1401 ὠς
497 1351 674 1408 ἐλέγχει
711 1349 877 1406 θυμός.
950 1352 1006 1394 Οἱ
1045 1348 1135 1409 γὰρ
1179 1353 1240 1407 τῷ
1281 1349 1373 1394 ἀπὸ
1420 1355 1498 1395 τοῦ
1539 1350 1679 1408 λόγου

252 1433 422 1487 ἐλέγχῳ
460 1426 521 1482 μὴ
565 1428 898 1486 ὠφεληθέντες,
946 1426 1191 1482 δεήσονται
1237 1429 1427 1484 ἐλέγχου
1466 1430 1544 1471 τοῦ
1586 1426 1679 1470 ἀπὸ

250 1510 330 1552 τοῦ
360 1509 532 1564 θυμοῦ.
582 1502 853 1563 ’Έλεγον3)-
874 1510 963 1563 μέν
991 1521 1092 1549 τινα
1123 1501 1240 1549 εἶναι
1273 1509 1348 1548 καὶ
1378 1508 1682 1562 μεταμέλειαν

371 1654 411 1708 ¹)
441 1653 496 1694 Η.
541 1655 594 1695 ad
638 1653 891 1706 marginem:
943 1653 1080 1706 „Cod.
1130 1652 1376 1694 Vaticanus:
1422 1655 1471 1697 εἰ.
1512 1651 1680 1694 Ghisle-

257 1710 363 1751 rius:
399 1709 480 1753 οὐ.

371 1779 414 1835 ²)
445 1780 498 1820 H.
531 1780 584 1820 ad
614 1779 865 1832 marginem:
898 1779 1034 1829 „Cod.
1066 1780 1310 1822 Vaticanus:
1344 1772 1411 1840 ἦέ(

371 1849 414 1904 3)
446 1849 501 1893 Η.
531 1861 572 1889 et
601 1849 652 1890 R.
683 1860 731 1889 ut
759 1865 836 1890 nos
868 1849 910 1889 in
941 1861 1078 1896 textu,
1118 1851 1173 1891 Η
1203 1862 1343 1890 tamen
1374 1851 1427 1890 ad
1454 1866 1596 1903 marg.,
1627 1851 1680 1891 R.

254 1908 298 1948 in
334 1907 468 1947 notis:
511 1905 796 1956 ‚‚Ghislerius.
827 1904 996 1984 λόγος,
1045 1922 1111 1948 ων
1150 1906 1232 1958 ζωὴ
1274 1909 1335 1949 τῶ
1378 1905 1681 1971 ὑφεστηκέναι

255 1963 356 2007 καθ
392 1961 568 2015 ἑαυτὸν,
601 1964 662 2016 τῷ
695 1959 967 2016 ὑπηρετεῖν.ί
1013 1987 1062 1993 --
1094 1962 1147 2002 R.
1178 1962 1351 2016 insuper
1379 1979 1467 2003 non
1495 1962 1648 2003 male
1637 1979 1679 2002 m

255 2021 390 2061 notis:
433 2020 577 2072 ,‚leg0:
622 2018 758 2075 λόγος
800 2017 821 2061 ὁ
863 2022 973 2072 ζῶν,
1016 2017 1064 2061 τὸ
1102 2015 1401 2075 υᾳεστηκέναι
1432 2018 1534 2061 καθ’
1569 2034 1678 2061 εαυ-

256 2077 352 2121 τόνί
360 2079 495 2119 κτλ.

373 2146 414 2202 ⁴)
443 2146 498 2187 H.
529 2145 571 2185 in
601 2156 739 2185 textu:
783 2141 835 2198 ,,ἡ
869 2145 1025 2195 ἐπεί,“
1057 2146 1109 2185 ad
1138 2145 1389 2199 marginem:
1431 2145 1568 2195 „Cod.
1598 2145 1681 2185 Va-

256 2204 441 2245 ticanus:
475 2203 615 2245 ἐπεί.“

372 2273 414 2328 ⁵)
445 2272 498 2312 H.
532 2282 573 2311 et
603 2271 652 2311 R.
684 2270 726 2311 in
756 2283 894 2312 textu·
924 2274 993 2320 „62
1022 2267 1155 2326 γ(ιο,“
1194 2271 1248 2312 Η.
1281 2283 1421 2311 tamen
1449 2270 1500 2312 ad
1531 2268 1681 2323 margi-

253 2343 373 2371 nem.
421 2327 744 2377 ‚‚Ghislerius,“
788 2328 839 2368 R.
882 2327 924 2367 in
961 2326 1095 2368 notis:
1141 2328 1264 2380 „lego
1306 2344 1402 2368 cum
1441 2326 1676 2368 Ghislerio:

255 2388 346 2430 ἔστι
380 2383 503 2442 wlff*
537 2387 628 2427 κτλ.

370 2455 414 2511 ⁶)
444 2454 500 2494 H.
531 2454 582 2494 ad
625 2454 876 2506 marginem:
918 2453 1199 2504 „Ghislerius.
1240 2451 1446 2498 παιδεύει
1487 2451 1676 2510 θυμός,“

254 2514 305 2554 R
336 2512 379 2553 in
409 2510 542 2552 notis:
574 2510 708 2559 „Cod.
741 2511 985 2551 Vaticanus:
1018 2509 1222 2554 παιδεύει
1255 2509 1414 2564 θυμός
1421 2515 1446 2535 “

371 2581 413 2635 ⁷)
442 2579 497 2621 H
526 2579 569 2619 in
599 2590 735 2620 textu:
766 2577 878 2635 „267
884 2583 1027 2628 ος·οἷ
1056 2580 1145 2637 γὰο
1175 2583 1235 2622 τῶ
1264 2578 1358 2623 απὸ
1391 2581 1469 2621 τοῦ
1491 2580 1677 2648 ἐλέγχου

253 2637 345 2709 μὴ’*
376 2640 485 2683 κτλ.
518 2637 570 2676 ad
597 2652 723 2687 marg.
756 2652 877 2678 vero:
924 2636 1059 2687 „Cod.
1091 2636 1334 2679 Vaticanus:
1386 2633 1548 2703 λόγος
1580 2634 1671 2678 αλλ’

257 2695 343 2762 οὐχ
371 2691 511 2740 οῖ’τιυς
530 2694 707 2759 ἐλέγχει
741 2690 889 2748 λόγος,
911 2711 981 2772 ως
1005 2695 1173 2750 ἐλέγχει
1207 2690 1382 2750 θυμός·
1418 2696 1461 2734 οἵ
1490 2710 1579 2746 γαο
1612 2693 1673 2732 τιῦ

257 2749 348 2795 απὸ
383 2752 458 2792 τοῦ
489 2748 630 2804 λόγου
661 2749 747 2792 ἕλε
735 2766 829 2805 ;χιι)
857 2749 937 2805 ιιήί
945 2754 1077 2793 κτλ.
1112 2777 1164 2782 -
1197 2750 1283 2792 Cfr.
1304 2766 1396 2806 pag
1424 2749 1506 2807 huj
1530 2758 1616 2792 not.
1634 2734 1672 2789 6.

371 2819 416 2876 8)
445 2820 497 2861 H.
531 2830 572 2860 et
600 2819 650 2860 R.
679 2817 723 2859 'in
752 2830 888 2861 textu:
919 2821 1157 2876 ,,ἒλεγχον,
1167 2822 1195 2843 “
1225 2820 1278 2861 Η.
1310 2831 1449 2860 tamen
1481 2818 1533 2858 ad
1563 2832 1673 2857 max-
