1734 3112
705 105 846 148 Lmen
874 106 952 147 111.
1487 111 1542 156 43

124 229 264 261 autem
291 228 434 261 noster
463 228 505 258 et
534 216 734 259 ecclesiae
760 234 954 275 sponsuS,
983 234 1120 276 neque
1144 205 1373 273 ambulare,
1405 239 1542 280 neque

126 311 306 346 currere,
334 296 408 337 sed
437 311 564 351 super
589 295 691 337 haec
707 295 830 338 salire
851 296 1018 349 dicitur,
1050 309 1091 339 et
1127 298 1306 341 exsilire.
1352 299 1398 341 Si
1430 301 1541 344 enim

128 373 386 424 consideres,
438 373 656 431 quomodo
701 373 821 429 parvi
866 375 1073 432 temporis
1110 376 1246 432 spatio
1288 390 1542 434 occupatum

124 451 237 493 falsis
282 449 647 508 superstitionibus
685 451 894 493 mundum
931 469 1071 495 sermo
1110 453 1196 495 Dei
1239 454 1471 511 percurrit,
1503 468 1544 498 et

124 529 176 571 ad
195 528 234 586 ¹)
263 528 519 583 agnitionem
549 545 669 572 verae
687 529 790 572 fidei
808 530 1038 582 revocavit,
1067 531 1290 585 intelliges,
1322 534 1541 589 quomodo

123 605 241 650 saliat
269 623 394 664 super
422 619 610 659 montes,
652 624 801 663 magna
830 608 1030 661 videlicet
1059 625 1248 668 quaeque
1277 627 1403 666 regna
1431 611 1546 654 salti-

124 685 200 727 bus
230 684 313 726 suis
344 701 558 742 superam,
593 697 634 728 et
663 687 717 728 ad
743 682 1032 746 recipiendam
1064 688 1356 742 cognitionem*
1380 689 1545 732 divinae

123 762 340 816 religionis
373 763 602 807 inclinans:
649 776 690 806 et
730 765 892 808 exsiliat
930 781 1057 823 super
1088 766 1242 819 colles,
1291 785 1387 810 cum
1417 768 1544 812 etiam

123 839 286 886 minora
314 857 439 896 regna
474 842 680 885 velociter
707 843 920 902 subjugat,
965 856 1091 901 atque
1125 846 1178 887 ad
1215 846 1420 903 pietatem
1453 846 1546 889 veri

124 919 259 962 cultus
288 920 479 964 adducit:
511 933 553 963 et
581 921 640 963 sic
669 922 723 964 de
753 922 852 964 loco
883 922 937 963 ad
967 922 1124 975 locum,
1156 923 1217 964 de.
1236 940 1367 977 regno
1397 925 1452 967 ad
1479 940 1544 967 re-

120 1014 270 1051 gnum,
314 999 367 1040 de
395 999 626 1056 provinciis
655 1001 710 1043 ad
737 999 976 1059 provincias
1005 1000 1331 1056 praedicationis
1360 1003 1543 1046 illustra-

120 1075 237 1119 tione
265 1077 499 1121 transiliens
527 1096 606 1136 per
636 1096 746 1131 eum,
778 1079 849 1137 qui
879 1079 1058 1131 dicebat,
1091 1079 1189 1137 quia
1218 1083 1305 1133 „ab
1321 1081 1364 1138 2)
1389 1082 1543 1125 Hieru-

122 1155 254 1198 salem
282 1155 326 1198 in
357 1155 533 1200 circuitu
561 1175 693 1216 usque
724 1159 777 1200 ad
807 1156 1027 1217 Illyricum
1064 1159 1248 1217 replevit
1279 1161 1545 1215 evangelium

120 1233 264 1284 Dei,“
290 1234 579 1293 intelliges³)‚
611 1237 831 1295 quomodo
862 1251 989 1294 super
1016 1248 1183 1280 montes
1212 1238 1362 1282 saliens
1391 1241 1544 1293 veniat,

122 1324 165 1354 et
193 1312 385 1355 exsiliens
414 1331 541 1372 super
571 1315 715 1358 colles.
776 1315 862 1358 Sed
893 1328 935 1358 et
963 1315 1048 1358 alio
1080 1317 1213 1360 modo
1246 1330 1390 1376 potest
1417 1321 1544 1370 intel-

122 1391 217 1445 ligi,
256 1391 365 1434 sicut
393 1410 519 1450 supra
545 1393 631 1452 jam
649 1394 692 1450 4)
723 1393 926 1445 diximus,
964 1394 1166 1451 quoniam
1196 1396 1370 1454 quidem
1397 1399 1544 1441 Moses

120 1472 174 1511 de
203 1470 297 1526 ipso
326 1471 506 1527 scripsit,
536 1483 577 1512 et
604 1471 839 1528 prophetae
868 1470 1142 1515 nihilominus
1175 1475 1229 1516 de
1259 1475 1353 1532 ipso
1384 1492 1543 1519 annun-

122 1548 341 1590 tiaverunt.
402 1549 489 1590 Sed
520 1560 561 1591 et
592 1549 696 1591 haee
724 1549 984 1591 annuntiatio
1013 1550 1058 1593 in
1087 1552 1272 1595 lectione
1301 1553 1453 1596 veteris
1482 1567 1544 1597 te-

121 1625 316 1668 stamenti
346 1626 538 1669 velamen
566 1626 693 1668 habet
732 1628 1072 1685 superpositum:
1115 1630 1190 1672 ubi
1218 1648 1320 1673 vero
1351 1649 1545 1689 sponsae,

120 1704 322 1746 ecclesiae
351 1702 513 1746 scilicet
541 1705 594 1746 ad
624 1721 722 1746 eum
752 1721 1001 1758 conversae,
1029 1708 1214 1751 ablatum
1248 1722 1310 1751 est
1339 1712 1544 1764 velamen,

120 1782 260 1825 subito
291 1782 408 1824 videt
437 1798 534 1824 eum
563 1782 606 1824 in
637 1782 726 1824 istis
754 1784 992 1836 montibus,
1038 1785 1140 1839 legis
1171 1787 1392 1846 scilicetss)
1423 1792 1545 1832 volu-

122 1861 304 1904 minibus
337 1861 578 1913 salientem,
623 1873 666 1903 et
702 1861 746 1903 in
784 1862 966 1905 collibus
1004 1864 1236 1921 scripturae
1267 1867 1545 1924 propheticae

120 1957 199 1998 pro
216 1940 259 1996 ⁶)
292 1939 475 1982 evidenti
499 1938 838 1983 manifestatione
866 1958 955 1984 non
983 1954 1070 1984 tam
1099 1957 1388 2001 apparentem,
1418 1964 1545 2004 quam

120 2018 396 2071 exsilientem,
424 2018 543 2061 verbi
561 2018 703 2072 gratia,
734 2019 850 2076 quasi
880 2020 915 2061 si
931 2021 974 2077 7)
996 2022 1219 2065 revolvens
1242 2022 1423 2078 singulas
1441 2042 1544 2082 pro-

122 2098 313 2157 pheticae
353 2095 548 2140 lectionis
583 2097 774 2154 paginas,
818 2098 1004 2142 inveniat
1043 2101 1096 2141 de
1135 2100 1238 2158 ipsis
1276 2102 1541 2148 exsilientem

118 2176 356 2230 Christum,
400 2188 443 2219 et
474 2193 552 2234 per
580 2176 677 2218 loca
703 2176 865 2230 singula
893 2178 1129 2221 lectionum
1157 2180 1298 2222 ablato
1327 2198 1439 2224 nune
1470 2184 1543 2224 de-

120 2272 259 2308 mum,
288 2273 372 2314 quo
402 2255 520 2314 prius
547 2257 766 2310 tegebatur
793 2256 1024 2309 velamine,
1056 2258 1236 2301 ebullire
1267 2276 1364 2302 eum
1387 2273 1544 2315 cernat,

123 2346 165 2377 et
194 2350 404 2389 emergere
422 2347 546 2392 atque
576 2333 761 2376 evidenti
789 2333 874 2392 jam
891 2337 1230 2380 manifestatione
1249 2355 1542 2398 prorumpere,

242 2533 282 2589 ¹)
311 2532 444 2573 Deest
473 2533 594 2582 ‚,ad“
623 2532 666 2574 in
698 2533 793 2575 edd.
825 2534 887 2577 M.
1007 2534 1050 2593 2)
1084 2537 1212 2581 Rom.
1240 2536 1335 2591 XV,
1366 2538 1430 2584 19.

238 2604 283 2661 ³)
313 2602 422 2644 Edd.
454 2601 514 2643 M.
545 2602 870 2657 ‚,intelligens.“

241 2673 284 2730 ⁴)
316 2674 449 2714 Deest
478 2670 632 2729 „jam“
660 2673 705 2715 in
733 2675 829 2717 edd.
861 2676 922 2718 M.

241 2744 283 2800 ⁵)
313 2744 422 2785 Edd.
454 2743 516 2784 M.
547 2743 829 2794 ‚,duntaxat.⁴‘

241 2815 283 2870 ⁶)
312 2814 421 2856 Edd.
451 2814 512 2856 M.
544 2825 807 2870 „peraperta
833 2826 876 2856 et
905 2815 1125 2859 evidenti“
1156 2827 1233 2858 etc.

242 2886 284 2942 ⁷)
313 2885 447 2928 Deest
478 2884 585 2937 ‚,si“
615 2884 658 2927 in
688 2884 782 2926 edd.
813 2884 874 2927 M.
