1734 3112
253 104 337 150 212
690 104 911 147 Ornet-:ms
942 116 987 146 m
1015 104 1253 144 Jssmzmmm

257 217 420 273 πατὴρ,
451 218 562 273 πρὶν
592 220 775 273 γένηται
807 216 941 275 ἡμῶν
961 215 983 261 6
1005 214 1111 264 θεὸς
1140 214 1310 274 πατήρ·
1344 216 1388 259 εἴ
1414 229 1467 272 γε
1496 215 1573 257 καὶ
1603 217 1689 258 νῦν

261 294 345 339 οὐκ
375 295 496 339 ἔστιν
526 291 659 353 ἡμῶν
689 293 712 339 6
745 294 956 351 διάβολος
985 291 1156 351 πατήρ·
1191 291 1304 352 ὅπερ
1334 290 1690 352 παραστήσομεν

261 375 339 417 καὶ
375 370 465 417 ἀπὸ
508 374 584 428 τῆς
618 370 833 417 Ἰωάννου
882 372 1128 427 καθολικῆς
1166 369 1425 427 ἐπιστολῆς,
1469 370 1518 414 ἔν
1548 360 1575 431 ᾗ
1610 372 1691 427 γέ-

259 463 481 509 γραπται·
533 450 722 506 ,,πᾶς1)
755 449 777 495 ὁ
809 449 958 493 ποιῶν
985 448 1069 505 τὴν
1100 446 1351 508 ἁμαρτίαν,
1393 448 1443 492 ἐκ
1473 450 1551 492 τοῦ
1586 448 1692 491 δια-

259 526 399 583 βόλου
429 527 716 584 γεγένηται.“
774 529 835 570 Εἰ
869 528 959 574 πιῖς
999 523 1022 569 ὁ
1062 528 1210 570 ποιῶν
1248 525 1329 582 τὴν
1370 523 1604 585 ἁμαρτίαν
1643 525 1692 568 ἐκ

259 608 338 649 τοῦ
370 602 587 660 διαβόλου
618 606 881 662 γεγένηται,
927 605 1069 648 οἱονεὶ
1097 601 1363 653 τοσαυτάκις
1393 603 1441 646 ἐκ
1473 606 1554 647 τοῦ
1584 601 1691 645 δια-

257 680 398 738 βόλου
429 678 743 740 γεγενήμεθα,
788 678 945 730 ὁσάκις
984 679 1326 741 ἁμαρτάνομεν.
1393 682 1693 739 Ταλαίπωρος

261 752 346 805 οὖν
390 750 517 809 οὗτός
563 759 706 815 ἔστιν,
754 754 803 809 ὃς
847 758 917 804 ἀεὶ
959 761 1179 817 γεννᾶται
1225 759 1274 803 ἐκ
1321 759 1401 802 τοῦ
1450 753 1690 814 διαβόλου·
1731 782 1734 796 ι

259 836 413 897 ὥσπερ
442 833 585 881 πάλιν
614 833 841 894 μακάριος
872 834 894 880 6
920 834 989 880 ἀεὶ
1018 834 1308 895 γεννώμενος
1336 834 1427 880 ὑπὸ
1454 838 1533 880 τοῦ
1565 836 1690 880 θεοῦ.
1712 828 1731 834 “

263 914 328 959 Οὐ
373 912 463 974 γὰρ
505 912 629 965 ἅπαξ
668 915 754 974 ἒρῶ
795 911 876 959 τὸν
913 914 1095 958 δίκαιον
1133 915 1443 971 γεγεννῆσθαι
1483 910 1574 957 ὑπὸ
1611 913 1691 956 τοῦ

259 995 388 1049 θεοῦ,
422 991 514 1036 ἀλλ’
539 991 613 1037 ἀεὶ
642 994 895 1050 γεννᾶσθαι
929 992 1029 1036 καθ’
1065 989 1259 1047 ἑκάστην
1289 994 1458 1052 πρᾶξιν
1487 989 1689 1049 ἀγαθὴν,

263 1072 315 1115 ἓν
342 1062 370 1131 ᾗ
402 1072 545 1129 γεννᾷ
576 1069 657 1114 τὸν
688 1071 870 1115 δίκαιον
901 1069 922 1115 6
956 1068 1076 1119 θεός.
1114 1069 1224 1114 Ἐὰν
1247 1062 1330 1114 οὖν
1362 1067 1587 1123 ἐπιστήσω
1619 1082 1692 1112 σοι
1728 1094 1729 1102 1

261 1148 340 1192 ἐπὶ
369 1151 450 1192 τοῦ
478 1150 700 1208 σωτῆρος,
734 1145 798 1191 ὅτι
833 1146 936 1204 οὐχὶ
955 1147 1199 1206 ἐγέννησεν
1231 1146 1253 1192 6
1285 1146 1434 1206 πατὴρ
1464 1145 1544 1191 τὸν
1573 1143 1690 1201 υἱὸν,

259 1228 337 1271 καὶ
367 1225 591 1270 ἀπέλυσεν
620 1223 760 1269 αὐτὸν
792 1223 814 1269 ὁ
845 1223 994 1282 πατὴρ
1033 1224 1124 1269 ἀπὸ
1165 1228 1240 1280 τῆς
1277 1229 1498 1283 γενέσεως
1534 1224 1688 1280 αὐτοῦ,
1726 1262 1734 1281 ,Ι

260 1302 353 1347 ἀλλ’
390 1302 460 1347 ἀεὶ
491 1305 632 1361 γεννᾷ
665 1302 828 1358 αὐτὸν,
867 1299 1143 1359 παραστήσω
1184 1306 1262 1346 καὶ
1293 1304 1370 1347 ἐπὶ
1400 1306 1478 1348 τοῦ
1511 1304 1691 1347 δικαίου
1732 1303 1734 1351 ξ

258 1380 596 1441 παραπλήσιον.
659 1377 855 1438 Ἴδωμεν
896 1381 968 1436 δὲ,
1021 1385 1086 1429 τίς
1128 1378 1261 1436 ἡμῶν
1299 1381 1420 1425 ἐστιν
1462 1379 1485 1425 6
1529 1378 1690 1441 σωτήρ.
1732 1386 1734 1442 Ι

255 1456 559 1517 Ἀπαύγασμα
600 1455 747 1514 δόξης.
813 1457 877 1502 Τὸ
911 1455 1197 1516 ἀπαύγασμα
1237 1461 1312 1513 τῆς
1350 1456 1485 1513 δόξης
1526 1457 1688 1516 οὖχὶῖ)
1728 1459 1734 1508 J

254 1535 383 1587 ἅπαξ
412 1540 692 1595 γεγέννηται,
726 1538 803 1579 καὶ
833 1535 934 1593 οὐχὶ
963 1539 1201 1594 γεννᾶται·
1236 1533 1349 1580 ἄλλα
1379 1532 1490 1580 ὅσον
1517 1536 1611 1580 ἐστὶ
1638 1534 1688 1580 τὸ
1730 1508 1734 1595 J

260 1618 358 1674 φῶς
388 1613 626 1670 ποιητικὸν
661 1616 741 1657 τοῦ
783 1611 1167 1672 ἀπαυγασματος,
1211 1614 1290 1658 ἐπὶ
1330 1617 1550 1660 τοσοῦτον
1577 1630 1689 1673 γεν-
1727 1599 1734 1657 ⁴⁵

259 1695 393 1738 νᾶται
439 1691 488 1736 τὸ
532 1691 820 1750 ἀπαύγασμα
860 1694 936 1747 τῆς
974 1689 1109 1748 δόξης
1147 1694 1226 1736 τοῦ
1263 1695 1391 1738 θεοῦ.
1448 1690 1498 1737 ‘0
1539 1690 1688 1752 σωτὴρ
1728 1661 1734 1756 Ι

259 1768 392 1828 ἡμῶν
422 1773 566 1827 σοφία
597 1769 692 1813 ἐστὶ
732 1772 811 1814 τοῦ
849 1773 972 1815 θεοῦ.
1021 1766 1152 1814 ’Ἐστι
1189 1770 1240 1814 δὲ
1280 1768 1307 1826 ἡ
1347 1773 1491 1828 σοφία
1533 1766 1688 1814 ἀπαύ-

258 1863 417 1906 γασμα
456 1844 607 1905 φωτὸς
641 1844 811 1891 ἀϊδίου.
871 1849 931 1889 Εἰ
967 1839 1051 1891 οὖν
1091 1846 1114 1891 6
1155 1846 1303 1909 σωτὴρ
1345 1846 1417 1893 ἀεὶ
1453 1849 1685 1905 γεννᾶται,

257 1927 337 1970 καὶ
369 1921 446 1968 διὰ
476 1927 609 1979 τοῦτο
651 1926 794 1981 λέγει·
836 1921 969 1981 ,,πρό
1009 1923 1059 1968 δὲ
1096 1922 1284 1969 πάντων
1323 1927 1506 1980 βουνῶν
1545 1926 1687 1983 γεννᾷ
1724 1951 1726 1958 ν

256 2003 385 2063 με·“
418 2000 520 2059 οὐχὶ
548 2001 624 2046 δέ·
656 1999 779 2062 ,,πρὸ
811 2002 863 2046 δὲ
885 1999 1074 2046 πάντων
1092 2005 1274 2058 βουνῶν
1291 2004 1540 2060 γεγέννηκέ
1559 2003 1688 2061 με·“
1723 2030 1726 2041 ·

260 2077 400 2124 ἄλλα·
443 2076 572 2137 ,,πρό
603 2076 794 2123 πάντων
822 2082 1004 2135 βουνῶν
1032 2082 1174 2137 γεννᾷ
1204 2081 1331 2137 με·“
1368 2083 1446 2124 καὶ
1476 2079 1546 2125 ἀεὶ
1575 2096 1686 2138 γεν-
1725 2071 1727 2073 ’

255 2162 393 2205 νᾶται
434 2155 457 2202 ὁ
498 2155 646 2216 σωτὴρ
683 2155 774 2202 ὑπὸ
822 2160 904 2202 τοῦ
941 2155 1124 2215 πατρός.
1195 2154 1348 2208 Οὕτως
1391 2160 1469 2203 καὶ
1508 2157 1564 2202 σὺ
1605 2156 1687 2204 ἐὰν

258 2237 363 2298 ἔχῃς
389 2234 440 2281 τὸ
471 2237 549 2290 τῆς
577 2237 812 2285 υἱοθεσίας
840 2237 1038 2293 πνεῦμα,
1073 2234 1145 2281 ἀεὶ
1171 2239 1314 2294 γεννᾷ
1345 2250 1394 2281 σε
1424 2236 1475 2281 ἓν
1504 2235 1626 2295 αὐτῷ
1661 2234 1684 2281 ὁ
1720 2221 1722 2224 v

255 2313 387 2370 θεὸς,
420 2313 521 2358 καθ’
557 2313 750 2358 ἕκαστον
780 2314 932 2374 ἔργον,
965 2311 1069 2357 καθ’
1102 2312 1293 2358 ἕκαστον
1321 2311 1576 2372 διανόημα,
1609 2315 1686 2359 καὶ

253 2388 542 2450 γεννώμενος
580 2389 722 2441 οὕτως
762 2395 866 2452 γίνῃ
906 2390 981 2436 ἀεὶ
1020 2389 1308 2449 γεννώμενος
1345 2391 1440 2443 υἱὸς
1484 2394 1595 2438 θεοῦ
1635 2393 1685 2438 ἒν

257 2471 443 2530 Χριστῷ
470 2467 640 2523 Ἰησοῦ·
685 2458 723 2526 ᾦ
752 2469 876 2513 ἐστιν
904 2468 928 2523 ἦ
963 2467 1075 2520 δόξα
1105 2472 1185 2514 καὶ
1220 2468 1270 2515 τὸ
1300 2468 1465 2532 κράτος
1492 2473 1555 2522 εἷς
1581 2468 1685 2521 τούς
1710 2488 1717 2524 j

255 2548 426 2597 αἰῶνας
454 2548 546 2591 τῶν
576 2543 768 2590 αἰώνων.
825 2544 989 2604 Ἀμήνὶ

375 2707 415 2765 ¹)
449 2706 536 2750 Cfr.
569 2704 758 2748 IJoann.
779 2706 860 2758 ΙΙΙ,
887 2704 929 2750 8.
1022 2706 1065 2764 2)
1095 2706 1205 2751 Edd.
1226 2707 1395 2752 Huetii:
1426 2707 1512 2768 οὐχ
1541 2706 1677 2760 ἅπαξ.
1706 2726 1707 2750 ;
