1734 3112
664 106 804 148 Linea
835 106 911 146 IIIv
1473 108 1501 154 9

83 236 178 272 gere
204 219 426 277 populum,
457 219 530 276 qui
557 235 635 276 per
652 219 879 276 prophetas
903 217 1122 260 colebatur
1142 229 1184 259 et
1210 219 1368 272 legem:
1401 238 1500 264 con-

84 297 236 338 vallem
269 311 367 337 vero
396 312 588 338 saxosum
619 308 660 338 et
690 295 896 338 incultum
925 296 1112 349 gentium
1145 296 1301 339 locum.
1362 299 1501 354 Spon-

84 390 152 415 sus
185 389 280 426 ergo
312 372 378 415 hic
409 372 452 414 in
472 374 732 415 Judaeorum
760 374 926 430 populo
958 359 1170 415 flos-fuit:
1201 375 1274 416 sed
1302 376 1501 432 quoniam

83 451 294 493 neminem
341 451 393 491 ad
422 452 660 508 perfectum
698 450 871 492 adduxit
911 451 999 501 lex,
1045 450 1202 493 idcirco
1234 451 1274 493 in
1307 451 1385 494 illo
1415 470 1502 496 non

85 528 225 586 potuit
254 529 430 569 verbum
458 527 543 569 Dei
581 529 633 570 ad
662 528 813 570 florem
842 529 1073 585 proficere,
1114 539 1155 571 et
1193 529 1246 570 ad
1274 531 1504 587 perfectio-

85 623 181 648 nem
211 607 426 648 fructuum
454 604 688 661 pervenire.
735 605 782 646 l'n
815 605 892 648 ista
921 618 1062 649 tamen
1094 607 1288 649 convalle
1318 608 1505 661 gentium

85 684 261 725 effectus
292 695 354 725 est
384 682 533 725 lilium.
595 680 846 741 Cuiusmodi
875 695 1016 726 autem
1056 684 1222 728 lilium?
1281 685 1385 727 Tale
1416 686 1505 728 sine

85 761 238 811 dubio,
272 761 394 818 quale
426 771 467 801 et
496 759 585 816 ipse
616 759 658 801 in
690 760 915 814 evangeliis
947 759 1069 812 dicit,
1114 763 1231 819 quod
1259 774 1380 819 pater
1411 780 1508 806 coe-

85 839 196 880 lestis
228 838 364 880 vestit.
423 837 480 879 Et
519 854 689 894 „neque
710 837 750 894 ¹)
783 838 989 880 Salomon
1018 838 1071 880 'in
1110 840 1228 882 omni
1265 840 1400 893 gloria
1435 859 1508 885 sua

85 916 253 958 indutus
286 927 347 957 est
377 915 484 957 sicut
512 932 645 957 unum
677 931 725 956 ex
756 915 856 958 istis.
871 922 895 941 “
954 916 1027 959 Fit
1059 933 1156 971 ergo
1188 917 1329 960 lilium
1358 918 1402 960 in
1432 919 1510 962 hac

86 994 276 1036 convalle
306 1009 505 1051 sponsu5‚
543 992 588 1034 in
619 1009 691 1045 e0,
727 994 843 1051 quod
874 993 1043 1036 vestivit
1074 1012 1170 1037 eum
1209 1008 1330 1053 pater
1369 998 1508 1039 coele-²

84 1072 155 1115 stis
194 1071 270 1114 tali
307 1071 555 1113 vestimento
600 1072 755 1123 carnis,
797 1072 918 1128 quale
958 1088 1038 1114 nec
1069 1072 1275 1115 Salomon
1316 1074 1360 1116 in
1391 1075 1508 1116 omni

83 1151 217 1204 gloria
245 1167 317 1192 sua
345 1151 498 1191 habere
527 1149 678 1206 potuit.
736 1150 835 1192 Non
867 1148 980 1191 enim
1003 1150 1210 1193 Salomon
1241 1150 1387 1192 habuit
1417 1152 1509 1193 abs-

84 1245 165 1284 que
196 1226 534 1284 concupiscentia
563 1226 663 1278 viri,
711 1239 753 1269 et
784 1227 1014 1270 concubitu
1042 1228 1234 1271 mulieris
1265 1228 1509 1272 immacula-

83 1318 191 1357 tam,
234 1317 275 1347 et
303 1305 412 1347 nulli
439 1322 612 1362 prorsus
641 1317 818 1362 peccato
852 1305 1078 1348 obnoxiam
1110 1322 1290 1348 carnem.
1351 1308 1438 1350 Sed
1468 1319 1511 1349 et

85 1400 263 1435 causam,
294 1401 368 1425 cur
397 1383 444 1433 is,
475 1382 547 1439 qui
578 1383 620 1424 in
652 1399 801 1440 campo
835 1383 914 1424 flos
944 1384 1102 1434 fuerat,
1135 1384 1320 1426 voluerit
1351 1401 1437 1427 esse
1467 1385 1511 1427 in

87 1460 346 1503 convallibus
377 1459 541 1510 lilium,
572 1460 755 1503 (videtur
786 1461 1020 1506 ostendere.
1080 1462 1190 1503 Cum
1220 1461 1332 1503 enim
1371 1463 1509 1504 multo

88 1551 281 1595 tempore
328 1537 406 1577 flos
457 1537 603 1579 fuisset
652 1538 698 1581 in
750 1554 924 1594 campo,
968 1538 1136 1580 nullum
1185 1539 1290 1581 dicit
1330 1556 1379 1581 ex
1418 1540 1510 1597 ipso

90 1632 238 1672 campo
270 1615 420 1656 florem
451 1616 502 1656 ad
533 1614 813 1658 imitationem
853 1615 917 1657 sui
957 1632 1004 1657 ac
1042 1615 1369 1659 similitudinem
1410 1635 1512 1674 pro-

87 1694 265 1736 cessisse.
323 1691 410 1733 Ubi
441 1708 540 1734 vero
571 1694 705 1735 factus
737 1706 798 1736 est
827 1694 870 1735 in
905 1693 1166 1735 convallibus
1206 1694 1368 1747 lilium,
1411 1712 1510 1738 con-

85 1773 202 1814 tinuo
244 1770 370 1811 etiam
409 1769 590 1811 efficitur
634 1771 827 1827 proxima
879 1770 967 1829 ejus
1015 1771 1253 1820 imitatione
1292 1773 1422 1830 ipsius
1462 1775 1512 1816 li-

85 1850 209 1891 lium:
257 1859 303 1889 ut
344 1863 498 1903 operae
535 1848 721 1904 pretium
759 1849 909 1900 fuerit,
956 1849 1156 1906 quoniam
1202 1851 1291 1907 ipse
1332 1853 1511 1895 effectus

86 1939 146 1969 est
176 1926 336 1975 lilium,
381 1936 428 1965 ut
472 1925 597 1967 etiam
634 1927 829 1985 proxima
872 1927 980 1986 ejus,
1020 1928 1066 1969 id
1107 1940 1189 1978 est,
1236 1946 1510 1988 unaquaeque

85 2005 242 2056 anima,
291 2019 395 2061 quae
435 2003 474 2044 ei
503 2005 791 2062 approximat,
829 2017 872 2047 et
902 2006 1145 2062 exemplum
1180 2006 1266 2064 ejus
1302 2008 1507 2051 imitatio-

84 2099 265 2141 nemque
294 2081 549 2137 sectatur2),
576 2081 716 2123 lilium
745 2082 828 2126 fiat.
893 2083 1024 2139 Quod
1056 2099 1154 2138 ergo
1186 2084 1263 2126 ait:
1307 2086 1451 2137 „sicut
1465 2088 1510 2143 3)

86 2163 224 2204 lilium
265 2161 309 2203 in
347 2160 489 2203 medio
527 2159 763 2217 spinarum,
808 2161 866 2202 ita
901 2161 1096 2218 proxima
1141 2179 1235 2205 mea
1282 2163 1326 2205 in
1364 2165 1508 2207 medio

87 2239 322 2281 filiarum:“
375 2238 630 2295 accipiemus
664 2240 715 2280 de
731 2239 773 2296 4)
806 2238 982 2281 ecclesia
1011 2240 1199 2293 gentium
1243 2240 1346 2283 dici:
1393 2243 1510 2300 quod

90 2316 156 2357 vel
188 2332 209 2356 e
238 2316 379 2358 medio
411 2317 648 2359 infidelium
678 2330 720 2359 et
749 2334 836 2360 non
868 2317 1154 2369 credentium,
1201 2319 1318 2377 quasi
1349 2337 1397 2362 ex
1427 2322 1513 2378 spi-

87 2393 148 2434 nis
180 2393 419 2445 emerserit,
460 2394 528 2435 vel
546 2394 587 2450 ⁵)
617 2412 697 2452 pro
728 2396 1040 2438 haereticorum
1072 2395 1509 2454 circumstrepentium

204 2533 244 2589 ¹)
277 2532 363 2574 Cfr.
393 2525 542 2577 Matth.
571 2537 646 2588 VI,
674 2537 768 2593 29..
861 2537 904 2594 2)
934 2536 1045 2579 Edd.
1077 2537 1144 2580 M.
1172 2544 1461 2590 „sectamur.“

201 2604 244 2660 ³)
279 2601 436 2645 Cantic.
467 2605 523 2656 II,
553 2605 592 2649 2.

197 2674 246 2731 ⁴)
277 2673 376 2714 Mss.
411 2705 434 2723 ,‚
448 2674 500 2715 de
539 2677 762 2721 ecclesia.“
818 2678 937 2721 Libri
975 2678 1077 2721 editi
1115 2678 1176 2737 (v,
1209 2696 1244 2721 c.
1276 2679 1371 2719 edd.
1402 2678 1509 2735 Me)

89 2763 113 2782 „
125 2730 356 2772 ecclesiam.
370 2736 394 2754 “
453 2731 503 2772 R.

202 2800 244 2858 ⁵)
273 2800 383 2841 Edd.
425 2801 485 2842 M.
529 2802 634 2852 „vel
675 2807 926 2862 prophetice
976 2806 1219 2849 circumstre
1256 2804 1415 2847 entium
1453 2829 1508 2839 --

86 2857 223 2915 posita
242 2856 364 2899 dicat.
413 2857 544 2912 Quod
573 2869 614 2901 et
635 2860 764 2914 magis
779 2862 993 2906 videbitur
1018 2862 1107 2906 veri
1130 2822 1268 2905 simiie
1289 2867 1401 2919 pro“
1426 2873 1505 2906 etc.
