1734 3112
632 109 833 152 HommA
862 109 937 152 IX.
1418 112 1499 160 211

79 224 155 266 ἐπὶ
187 221 264 273 τὰς
307 222 535 272 (Maxim-‘⁸'
602 227 753 267 Τίνων
790 225 907 281 λέγει
953 220 1107 270 ἁπλῶς
1141 222 1233 265 τῶν
1268 226 1499 281 πατέρων,·

78 304 157 349 Τίς
197 299 225 355 ἡ
263 297 530 360 προσθήκη·
591 299 1048 358 ,,ἐπεστράφησαν’)
1090 299 1167 341 ἐπὶ
1208 297 1286 349 τὰς
1323 299 1500 352 ἀδικίας

71 378 163 421 τῶν
187 380 394 436 πατέρων
425 377 575 423 αὐτῶν
603 381 695 424 τῶν
724 378 1026 439 προτέρων,·“
1079 375 1326 433 Ἐλέγομεν
1355 380 1496 422 ταῦτα

69 457 281 511 λέγεσθαι
311 452 428 515 πρὸς
463 454 608 514 ἡμᾶς,
649 458 724 500 καὶ
762 453 865 505 τούς
905 455 955 499 ἓν
991 451 1104 512 ἡμῖν
1134 452 1493 514 ἁμαρτάνοντας.

65 533 171 579 Πῶς
201 523 285 575 οὖν
316 534 359 576 οἱ
389 532 439 577 ἒν
468 532 581 591 ἡμῖν
620 531 980 592 ἁμαρτάνοντες,
1027 530 1384 590 ἐπεστράφησαν
1415 532 1496 576 οὐκ

65 607 141 652 ἐπὶ
183 607 259 657 τὰς
275 609 319 665 ²)
362 607 543 661 ἀδικίας
579 613 673 656 τῶν
711 614 943 669 πατέρων,
993 606 1105 652 ἀλλὰ
1149 610 1240 654 τῶν
1288 613 1496 667 πατέρων

64 685 154 729 τῶν
199 689 454 746 προτέρων;
513 687 710 743 Μήποτε
758 680 841 734 οὖν
882 689 1028 733 διττοί
1068 688 1184 731 εἶσιν
1224 688 1267 731 οἱ
1307 690 1496 745 πατέρες

0 787 4 802 ι
63 759 217 820 ἡμῶν,
265 765 342 807 καὶ
372 764 463 809 ἔστι
494 765 582 822 μὲν
611 765 662 811 ἐν
690 763 805 823 ἡμῖν
835 762 955 816 εἶδος
990 767 1201 822 πατέρων
1236 762 1285 809 τὸ
1319 769 1493 823 χεῖρον.

65 841 188 896 Πρὶν
216 844 457 887 πιστεῦσαι
485 841 600 901 γὰρ,
636 845 729 888 υἱοὶ
758 836 900 902 ἦμεν,
936 840 1034 901 φέρ’
1070 844 1237 896 εἰπεῖν,
1268 845 1349 886 τοῦ
1382 843 1488 886 δια-

60 914 221 974 βόλου,
268 916 343 969 οὓς
383 921 616 966 δείκνυσιν
654 919 677 966 ὁ
719 920 854 978 λόγος
896 917 919 964 ὁ
964 918 1277 975 εὐαγγελικός,
1320 922 1493 978 λέγων·

58 992 282 1052 ,,ὑμεῖς3)
314 997 365 1041 ἐκ
393 1001 472 1043 τοῦ
489 993 532 1056 ⁴²)
563 996 734 1058 πατρὸς
763 1000 843 1043 τοῦ
875 994 1093 1051 διαβόλου
1128 996 1278 1040 ἔστέ.“
1312 994 1413 1043 Ὅτε
1443 998 1496 1042 δὲ

60 1070 444 1133 πεπιστεύκαμεν,
477 1075 740 1134 γεγόναμεν
772 1077 863 1120 υἱοὶ
884 1075 1015 1119 θεοῦ.
1058 1071 1207 1118 'Enim
1237 1066 1322 1119 οὖν
1341 1072 1497 1133 ἁμαρ-

62 1148 287 1208 τάνωμεν,
321 1152 660 1213 ἒπιστρέφομεν
680 1156 756 1199 ἐπὶ
786 1150 867 1203 τὰς
894 1151 1075 1202 ἀδικίας
1106 1151 1191 1210 οὐχ
1220 1150 1500 1204 ἁπαξαπλῶς

61 1231 153 1272 τῶν
181 1234 415 1292 πατέρων,
450 1232 564 1276 ἀλλὰ
598 1235 688 1277 τῶν
717 1235 952 1291 προτέρων
982 1233 1202 1288 πατέρων.
1249 1234 1333 1279 Εἰς
1362 1231 1412 1275 δὲ
1444 1228 1496 1275 τὸ

58 1312 363 1366 παραστῆσαι,
398 1308 463 1354 ὅτι
495 1311 638 1354 διττοὶ
668 1309 801 1366 ἡμῶν
822 1312 938 1354 εἰσιν
966 1311 1010 1353 οἱ
1029 1311 1231 1367 πατέρες,
1258 1306 1491 1366 χρήσομαι

57 1386 207 1446 ῥητοῖς
232 1386 329 1432 ἀπὸ
353 1391 431 1433 τοῦ
450 1385 527 1445 ‘ud'
553 1391 758 1447 ψαλμοῦ,
796 1385 937 1437 οὕτως
959 1387 1166 1443 ἔχουσιν·
1198 1381 1436 1441 ,,ἀ’κουσον
1453 1386 1494 1443 ⁵)

59 1462 283 1522 θύγατερ,
317 1468 395 1509 καὶ
426 1467 518 1521 ἴδε,
562 1468 639 1509 καὶ
670 1468 827 1510 κλῖνον
857 1463 906 1510 τὸ
940 1457 1016 1514 οὖς
1046 1479 1129 1508 σου
1159 1466 1236 1507 καὶ
1267 1461 1492 1508 ἐπιλάθου

61 1543 144 1585 τοῦ
176 1545 304 1587 οἴκου
333 1545 413 1587 τοῦ
444 1542 612 1603 πατρὸς
642 1546 773 1588 σου.“
811 1542 967 1602 Πατὴρ
998 1546 1140 1601 λέγει·
1173 1539 1433 1598 ,,ἕπιλάθου
1448 1542 1493 1598 ⁸)

60 1621 140 1662 τοῦ
186 1622 314 1664 οἴκου
358 1624 437 1665 τοῦ
486 1620 655 1677 πατρός
695 1622 839 1666 σου.“
903 1619 980 1671 Ὡς
1016 1619 1110 1678 γὰρ
1154 1618 1302 1676 πατὴρ
1344 1622 1488 1676 λέγει·

58 1691 294 1752 ,,ιί’κουσον
310 1698 351 1754 ⁷)
383 1696 634 1757 θύγατερ.“
682 1700 864 1744 Οὐκοῦν
894 1700 1037 1743 διττοὶ
1068 1700 1112 1742 οἱ
1140 1700 1329 1753 πατέρες
1357 1695 1491 1754 ἡμῶν

60 1777 160 1818 εἰσι.
216 1774 348 1819 Ἀλλὰ
388 1775 612 1822 ἐπιλάθου
650 1779 731 1821 τοῦ
777 1780 904 1821 οἴκου
954 1778 1034 1820 τοῦ
1074 1772 1247 1832 πατρός
1289 1789 1374 1819 σου
1408 1776 1490 1819 τοῦ

57 1854 292 1910 προτέρου.
349 1851 459 1898 Ἐὰν
488 1852 825 1912 ἓπιλαθόμενός
863 1868 947 1898 σου
978 1855 1058 1897 τοῦ
1090 1855 1218 1897 οἴκου
1257 1855 1337 1897 τοῦ
1368 1868 1489 1910 προ-

57 1933 202 1991 τέρου,
233 1929 375 1976 πάλιν
403 1931 674 1993 ἐπιστρέψῃς
704 1932 781 1976 ἐπὶ
809 1930 863 1976 τὰ
895 1929 1222 1990 ἁμαρτήματα,
1258 1929 1370 1988 013⁹)
1400 1946 1487 1976 πε-

61 2013 253 2065 ποίηκας
281 2008 335 2054 τὰ
366 2008 593 2068 λεγόμενα
626 2008 796 2055 ἐνθάδε
823 2007 1148 2068 ἁμαρτήματα.
1207 2007 1491 2066 ,,Ἐπεστρά-

61 2101 217 2145 φησαν
232 2087 276 2145 ⁹)
308 2088 384 2132 ἐπὶ
413 2086 492 2138 τὰς
522 2086 701 2138 ἀδικίας
729 2091 819 2133 τῶν
846 2091 1059 2147 πατέρων
1077 2087 1229 2132 αὐτῶν
1249 2089 1341 2131 τῶν
1367 2103 1488 2147 προ-

59 2167 251 2226 τέρων.“
280 2161 490 2223 Ἔλεγον,
523 2164 592 2212 ὅτι
610 2169 687 2212 καὶ
718 2165 742 2212 ὁ
774 2165 988 2224 διάβολος
1014 2164 1241 2224 πρότερον
1269 2157 1327 2219 ἦν
1355 2163 1488 2222 ἡμῶν

186 2361 225 2418 ¹)
255 2360 412 2405 Jerem.
435 2363 519 2415 XI,
550 2365 616 2409 10.
737 2366 781 2423 ²)
810 2365 920 2409 Edd.
949 2363 1116 2408 Huetii:
1147 2367 1244 2414 ταῖς
1273 2362 1484 2415 ἀδικίαις.

179 2432 223 2489 ³)
254 2431 331 2473 Ev.
360 2432 511 2476 Joann.
540 2435 670 2487 vm,
700 2434 770 2479 44.

179 2500 222 2556 ⁴)
251 2501 418 2543 Desunt
445 2504 592 2545 verba:
625 2507 745 2559 ,,τοῦ
775 2501 1008 2560 πατρός,“
1037 2503 1081 2546 in
1111 2503 1176 2546 ed.
1208 2504 1259 2546 R.

180 2571 222 2625 ⁵)
253 2571 339 2615 Cfr.
371 2571 525 2616 Psalm.
555 2573 683 2625 XLV,
713 2574 779 2619 10.
811 2575 1005 2633 (XLIV.)

180 2639 223 2700 δ)
252 2642 407 2684 Psalm.
436 2643 566 2694 XLV,
597 2642 662 2686 10.
693 2643 887 2702 (XLIV.)

177 2711 222 2768 7)
252 2713 407 2755 Psalm.
436 2713 566 2762 xus,
597 2711 663 2759 10.
695 2713 889 2770 (XLIV.)

175 2782 221 2838 8)
251 2783 435 2837 Legebat
463 2782 767 2842 Hieronymus:
798 2787 1071 2841 ,,πέπτωκας
1101 2786 1162 2834 εἰς
1192 2780 1289 2828 τα’“
1310 2785 1402 2832 κτλ.
1431 2785 1482 2826 R.

179 2851 221 2909 ⁹)
252 2855 409 2898 Jerem.
441 2854 528 2906 XI,
561 2852 626 2899 10.

1085 2929 1140 2973 14
1158 2930 1179 2954 ⁴‘
