1734 3112
235 64 316 110 112
664 63 887 108 Ommzms
916 74 963 105 m
990 63 1229 104 JEREMQM

343 177 384 221 4.
419 173 531 234 Ὅρα
575 168 683 232 οὖν,
727 180 922 233 πηλίκον
962 175 1104 220 κακόν
1145 177 1234 220 ἐστι
1278 172 1328 218 τὸ
1362 171 1656 231 ἁμαρτάνειν,

234 260 312 302 ἵνα
340 256 646 314 παραδοθῶσι
674 257 737 311 τῷ
769 256 959 312 σατανᾷ,
993 255 1368 310 αἷχμαλωτίζοντι
1397 251 1476 302 τὰς
1506 249 1661 309 ψυχὰς

234 337 326 379 τῶν
353 333 812 391 ἐγκαταλειπομένων
841 330 932 376 ὑπὸ
963 334 1101 376 θεοῦ·
1138 329 1219 374 οὐκ
1250 329 1462 379 ἀναιτίως
1492 329 1541 372 δὲ
1573 328 1660 372 κά-

234 417 393 471 κρίτως
423 408 805 468 ἐγκαταλιπόντος
835 412 961 464 θεοῦ,
994 404 1072 458 οὓς
1093 409 1458 465 ἐγκαταλέλοιπε.
1514 405 1663 450 Ἐπὰν

233 489 325 549 γὰρ
355 494 517 549 πέμψῃ
559 486 639 532 τὸν
677 485 810 532 ὑετὸν
839 488 916 531 ἐπὶ
946 486 1026 531 τὸν
1058 486 1335 542 ἀμπελῶνα,
1371 484 1393 529 ὀ
1426 486 1476 529 δὲ
1508 484 1662 543 ἀμπε-

234 568 327 614 λὼν
367 572 483 628 φέρῃ
522 565 624 610 ἀντὶ
662 568 896 622 σταφυλῆς
934 562 1157 619 ἀκάνθας,
1191 567 1235 607 τί
1272 560 1454 616 ποιήσει
1485 560 1508 607 ὁ
1539 562 1660 619 θεὸς,

234 645 262 704 ἢ
292 652 388 696 ταῖς
418 647 628 704 νεφέλαις
657 643 898 687 ἐντελεῖται
928 645 1008 687 τοῦ
1038 640 1103 702 μὴ
1133 644 1288 699 βρέξαι
1312 639 1444 687 ὑετὸν
1475 642 1553 686 ἐπὶ
1582 639 1663 687 τὸν

234 725 510 784 ἀμπελῶνα;
545 721 795 766 Ἐπίκειται
825 712 913 765 οὖν
941 717 1017 764 διὰ
1049 718 1127 770 τὰς
1158 717 1381 779 ἁμαρτίας
1409 716 1542 776 ἡμῶν
1584 721 1664 763 καὶ

232 802 346 860 ἡμῖν
375 803 687 860 αἰχμαλωσία,
731 801 810 843 καὶ
837 801 1065 856 μέλλομεν
1094 797 1454 857 παραδίδοσθαι,
1485 795 1569 841 ἐὰν
1597 795 1662 855 μὴ

233 883 546 939 μετανοῶμεν,
582 879 644 936 τῷ
671 873 1090 935 Ναβουχοδονόσορ
1122 878 1199 919 καὶ
1227 880 1321 925 τοῖς
1335 878 1662 932 Βαβυλωνίοις,

233 962 311 1004 ἵνα
352 956 472 1014 ἡμᾶς
511 954 806 1016 σπαράξωσιν
837 957 881 1000 οἱ
912 955 1066 1009 νοητοὶ
1096 951 1403 1010 Βαβυλώνιοι.
1459 953 1662 998 ‘Emm-

233 1040 389 1095 με’νων
417 1031 617 1092 τούτων,
659 1035 704 1078 οἱ
731 1030 863 1091 λόγοι
895 1033 985 1076 τῶν
1014 1034 1291 1091 προφητῶν,
1335 1034 1379 1076 οἱ
1420 1028 1551 1089 λόγοι
1582 1033 1662 1075 τοῦ

235 1111 397 1171 νόμου,
433 1113 476 1156 οἱ
503 1108 634 1168 λόγοι
664 1112 754 1154 τῶν
785 1107 1080 1165 ἀποστόλων,
1133 1111 1177 1154 οἱ
1216 1107 1347 1167 λόγοι
1375 1111 1455 1154 τοῦ
1487 1113 1660 1166 κυρίου,

236 1195 314 1236 καὶ
343 1193 544 1250 σωτῆρος
581 1185 715 1246 ἡμῶν
740 1187 883 1243 Ἰησοῦ
916 1190 1130 1246 Χριστοῦ,
1165 1190 1378 1245 λέγουσιν
1407 1184 1521 1246 ἡμῖν
1549 1189 1657 1244 περὶ

235 1273 502 1327 μετανοίας,
557 1267 906 1324 παρακαλοῦσιν
951 1263 1072 1325 ἡμᾶς
1120 1268 1183 1315 εἷς
1225 1263 1535 1324 ἐπιστροφήν”
1582 1264 1662 1310 ἐὰν

237 1344 532 1401 ἀκούσωμεν,
589 1341 877 1399 πιστεύωμεν
920 1345 981 1400 τῷ
1027 1341 1245 1402 εἰρηκότι·
1299 1341 1662 1399 ,,μετανοήσω“)

236 1423 364 1483 κάγώ
393 1425 500 1480 περὶ
530 1419 721 1466 πάντων
751 1423 842 1464 τῶν
873 1422 1052 1477 κακῶν,
1094 1413 1159 1465 ὧν
1191 1418 1386 1475 ἐλάλησα
1416 1424 1494 1465 τοῦ
1523 1423 1661 1476 ποιῆ-

237 1516 313 1546 σαι
344 1500 548 1549 αὐτοῖς.“
613 1499 766 1542 Ταῦτα
796 1498 884 1556 μὲν
914 1501 977 1548 εἷς
1004 1498 1053 1543 τὸ
1082 1503 1346 1555 προοίμιον.

349 1579 388 1623 5.
418 1574 553 1622 Mn&
577 1576 627 1620 δὲ
645 1574 695 1620 τὸ
726 1580 976 1636 προοίμιον
999 1579 1268 1635 γέγραπται,
1304 1573 1369 1620 ὅτι
1388 1576 1599 1633 ,,ἐγένετο
1617 1575 1663 1631 ²)

236 1653 373 1714 λόγος
403 1659 562 1712 κυρίου
592 1652 707 1712 πρὸς
744 1652 954 1710 αὐτὸν,“
999 1654 1164 1708 δῆλον,
1207 1651 1274 1697 ὅτι
1310 1652 1391 1698 τόν
1427 1651 1662 1711 Ἱερεμίαν.

242 1738 302 1777 Τί
329 1733 380 1778 δὲ
409 1736 530 1790 λέγει
569 1729 592 1776 ὁ
635 1729 773 1788 λόγος
809 1734 889 1776 τοῦ
931 1735 1089 1792 κυρίου
1119 1731 1233 1789 πρὸς
1265 1728 1429 1785 αὐτόν,·
1459 1731 1662 1788 Ἐξαίρε-

235 1828 317 1856 τον
353 1811 479 1870 παρὰ
519 1808 568 1854 τό
610 1811 852 1867 εἰρημένον
887 1807 1002 1865 πρὸς
1039 1806 1141 1857 τοὺς
1179 1807 1368 1858 λοιποὺς
1407 1806 1661 1868 προφήτας.

242 1892 388 1934 Τοῦτο
429 1888 521 1947 γὰρ
561 1886 675 1943 πρὸς
715 1887 882 1931 οὐδένα
913 1883 1109 1944 εὕρομεν
1137 1887 1228 1929 τῶν
1266 1888 1516 1944 προφητῶν
1546 1890 1662 1945 εἰρη-

235 1971 395 2026 μένον.
461 1964 667 2023 Ἀβραὰμ
705 1962 941 2024 προφήτης
983 1959 1282 2020 ἐχρημάτισεν
1312 1963 1362 2005 ἐν
1390 1964 1475 2018 τῷ·
1507 1979 1661 2019 ,,προ-

237 2044 440 2105 φήτης3)
480 2045 599 2099 ἐστὶ,
647 2045 723 2087 καὶ
766 2038 1060 2100 προσεύξεται
1105 2043 1211 2100 περὶ
1253 2040 1409 2083 soff-‘⁶
1455 2043 1532 2082 καὶ
1576 2039 1659 2083 οὐκ

237 2120 337 2169 εἶπε
388 2120 503 2181 πρὸς
545 2119 684 2165 αὐτὸν
725 2118 747 2165 ὁ
789 2116 918 2169 θεός·
964 2116 1149 2176 ,,πρό4)
1187 2119 1265 2161 τοῦ
1303 2134 1360 2172 με
1400 2116 1571 2161 πλάσαι
1611 2133 1662 2162 σε

238 2202 289 2246 ἐν
329 2203 478 2257 κοιλία
517 2199 767 2256 ἐπίσταμαί
802 2212 872 2251 σε,
923 2198 999 2239 καὶ
1038 2192 1126 2253 πρὸ
1166 2197 1245 2237 τοῦ
1284 2209 1334 2239 σε
1372 2195 1572 2245 ἐξελθεῖν
1611 2196 1659 2239 ἐκ

237 2276 411 2340 μήτρας
455 2274 624 2335 ἡγίακά
674 2276 775 2320 σε.“
843 2272 974 2317 Ἀλλὰ
1014 2269 1201 2331 ὕστερόν
1239 2288 1348 2317 ποτε
1386 2270 1589 2330 ἡγιάσθη
1630 2271 1653 2316 ὁ

234 2355 455 2416 Ἀβραὰμ,
488 2353 560 2400 ὅτε
590 2353 834 2409 ἐξῆλθεν5)
868 2354 916 2396 ἐκ
946 2353 1028 2409 γῆς
1060 2349 1212 2406 αὐτοῦ,
1250 2353 1327 2393 καὶ
1357 2350 1406 2394 ἐκ
1436 2354 1512 2407 τῆς
1542 2366 1659 2409 συγ-

236 2437 416 2492 γενείας
445 2433 599 2488 αὐτοῦ,
632 2435 708 2476 καὶ
738 2431 787 2475 ἐκ
815 2432 895 2474 τοῦ
928 2432 1056 2473 οἴκου
1086 2429 1164 2472 τοῦ
1194 2427 1363 2488 πατρός
1384 2427 1536 2473 αὐτοῦ.
1583 2427 1658 2478 Ἐξ

238 2512 513 2572 ἐπαγγελίας
541 2511 806 2568 γεγέννηται
839 2505 861 2551 ὁ
889 2504 1064 2562 Ἰσαάκ,
1106 2508 1183 2550 καὶ
1214 2503 1296 2562 οὐχ
1326 2503 1521 2566 εὕρομεν
1552 2504 1658 2549 οὐδὲ

361 2688 401 2745 ¹)
433 2686 519 2729 Cfr.
551 2685 707 2727 Jerem.
737 2682 898 2733 XVIII,
927 2681 970 2725 8.
1087 2682 1130 2738 2)
1162 2680 1250 2723 Csr.
1282 2680 1435 2722 Jerem.
1468 2679 1499 2730 I,
1528 2678 1568 2725 2,

359 2758 405 2812 3)
436 2757 542 2798 Gen.
574 2754 671 2804 XX,
700 2753 737 2796 7.
857 2753 900 2809 ⁴)
930 2752 1083 2794 Jerem.
1118 2752 1151 2802 I,
1181 2752 1217 2794 5.

360 2829 402 2884 ὗ)
433 2828 518 2870 Cfr.
552 2826 658 2868 Gen.
690 2823 788 2875 XII,
821 2823 857 2868 1.
