1734 3112
240 93 296 137 50
535 94 758 137 Omcems
788 106 833 136 m
863 92 1046 136 (ΞΛΜ-ιο.
1080 93 1384 138 cmi-monum

247 207 289 248 in
317 206 540 250 manifesto
578 220 698 259 sunt,
743 209 952 249 referatur
991 208 1044 249 ad
1084 208 1245 265 aliquid
1277 224 1446 258 eorum,
1497 222 1602 264 quae
1632 206 1676 248 in

249 286 420 328 occulto
449 298 559 338 sunt,
595 287 639 328 id
671 298 752 337 est,
792 286 954 339 singula
987 301 1176 342 quaeque
1209 285 1389 326 visibilia
1419 286 1573 326 habere
1603 285 1678 326 ali-

248 364 350 422 quid
386 364 675 407 similitudinis
722 376 765 405 et
802 363 977 405 rationis
1024 364 1077 405 ad
1118 362 1356 406 invisibilia.
1428 363 1539 418 Quia
1578 379 1676 417 ergo

248 443 511 501 impossibile
544 456 605 485 est
635 443 811 493 homini,
843 443 884 483 in
918 458 1040 483 carne
1067 441 1237 492 viventi,
1268 458 1492 495 agnoscere
1518 441 1678 498 aliquid

248 523 301 564 de
333 522 511 564 occultis
542 535 584 563 et
614 521 917 570 invisibilibus,
964 521 1041 562 nisi
1081 520 1306 573 imaginem
1338 520 1521 577 aliquam
1555 531 1596 561 et
1626 519 1680 560 si-

248 599 534 642 militudinem
575 600 819 657 conceperit
869 600 921 640 de
965 598 1218 640 visibilibus:
1268 600 1323 639 ob
1363 599 1444 640 hoc
1484 598 1679 647 arbitror,

250 680 366 736 quod
397 679 485 730 ille,
518 679 590 736 qui
622 678 763 720 onmia
792 678 836 719 in
867 677 1073 734 sapientia
1104 677 1229 727 fecit,
1260 676 1318 717 ita
1349 677 1504 718 creavit
1532 692 1680 718 unam-

246 774 456 815 quamque
486 756 718 798 visibilium
748 756 935 814 speciem
964 756 1009 797 in
1038 755 1172 806 terris,
1204 767 1249 796 ut
1281 754 1322 796 in
1353 754 1416 796 his
1442 754 1680 796 doctrinam
1731 753 1734 756 ⁴

246 836 456 893 quandam
488 847 530 877 et
558 835 814 889 agnitionem
847 851 992 876 rerum
1025 832 1305 875 invisibilium
1344 844 1386 874 et
1430 831 1680 874 coelestium

245 925 451 970 poneret:
486 931 570 971 quo
601 931 679 971 per
708 915 810 956 haec
841 913 1117 955 adscenderet
1145 928 1264 953 mens
1300 912 1480 953 humana
1511 911 1564 952 ad
1594 910 1680 967 spi-

246 992 445 1034 ritualem
484 992 830 1047 intelligentiam,
878 1004 918 1033 et
958 1008 1100 1032 rerum
1150 1006 1290 1032 causas
1336 989 1379 1030 in
1424 988 1679 1030 coelestibus

249 1082 481 1128 quaereret,
512 1082 558 1113 ut
588 1084 731 1128 posset
762 1071 914 1112 edocta
943 1086 1021 1127 per
1049 1067 1295 1125 sapientiam
1316 1068 1402 1109 Dei
1433 1067 1560 1109 etiam
1590 1067 1682 1124 ipsa

249 1148 412 1191 dicere:
459 1149 657 1207 „quae¹)
699 1148 742 1190 in
782 1149 953 1191 occulto
995 1160 1114 1198 sunt,
1161 1159 1201 1188 et
1233 1162 1338 1203 quae
1370 1146 1412 1187 in
1443 1146 1681 1196 manifesto,

249 1226 441 1282 cognovi.
456 1233 480 1252 “
547 1228 792 1269 Secundum
829 1228 932 1270 haec
973 1242 1143 1283 quoque
1184 1224 1371 1279 agnoscit
1411 1237 1451 1266 et
1491 1226 1682 1265 substan-

246 1306 350 1348 tiam
386 1303 557 1355 mundi,
602 1321 688 1346 non
729 1305 869 1347 solum
920 1306 1025 1346 hanc
1072 1303 1284 1345 visibilem
1331 1318 1682 1360 corporeamque,

249 1401 355 1442 quae
384 1384 526 1441 palam
557 1394 631 1433 est,
666 1384 740 1424 sed
772 1396 813 1425 et
843 1383 963 1425 illam
992 1382 1293 1439 incorpoream
1322 1380 1681 1438 invisibilemque,

248 1478 355 1520 quae
384 1461 427 1502 in
460 1461 630 1503 occulto
665 1473 737 1503 est.
799 1459 1002 1515 Agnoscit
1032 1459 1159 1501 etiam
1190 1460 1401 1501 elementa
1422 1459 1572 1501 mundi
1593 1475 1679 1500 non

248 1541 390 1582 solum
421 1538 622 1588 visibilia,
651 1537 727 1578 sed
758 1548 799 1578 et
826 1536 1074 1588 invisibilia,
1107 1549 1148 1578 et
1175 1548 1456 1595 utrorumque
1487 1537 1676 1579 virtutes.

249 1620 336 1662 Sed
367 1629 409 1659 et
436 1617 604 1658 initium
636 1616 753 1671 quod
784 1614 900 1667 dicit,
932 1627 974 1656 et
1003 1616 1152 1666 finem,
1200 1627 1241 1657 et
1270 1616 1544 1657 medietatem
1574 1627 1681 1657 tem-

248 1712 417 1753 porum,
448 1694 618 1736 initium
649 1693 706 1735 ait
737 1692 912 1734 visibilis
945 1693 1119 1750 quidem
1148 1694 1311 1743 mundi,
1344 1693 1459 1749 quod
1484 1703 1579 1734 ante
1610 1708 1681 1734 sex

224 1774 382 1816 ‘millia
410 1790 497 1815 non
526 1772 713 1825 integros
743 1787 875 1812 annos
905 1770 1074 1813 initium
1105 1772 1293 1829 designat
1323 1771 1488 1812 Moses:
1519 1770 1683 1812 medie-

249 1863 379 1895 tatem
421 1866 591 1908 quoque
633 1849 865 1891 secundum
902 1860 1148 1905 temporum
1187 1849 1418 1900 rationem,
1466 1848 1681 1906 finemque

249 1931 385 1981 illum,
416 1928 490 1986 qui
516 1939 724 1985 ⁴speratur,
756 1943 852 1968 cum
883 1927 1053 1968 coelum
1084 1938 1124 1967 et
1155 1938 1266 1967 terra
1295 1926 1543 1968 transibunt.
1605 1927 1682 1969 Se·

250 2009 434 2050 cundum
466 2007 735 2049 occultorum
765 2022 867 2047 vero
898 2004 1140 2056 scientiam,
1183 2003 1352 2046 initium
1389 2003 1522 2053 illud,
1565 2004 1681 2060 quod

246 2084 447 2140 intelligit
475 2084 523 2136 is,
554 2101 683 2141 quem
713 2082 917 2141 sapientia
936 2082 1021 2124 Dei
1050 2081 1258 2133 docuerit,
1290 2082 1406 2139 quod
1435 2081 1554 2122 nulla
1582 2098 1682 2138 pos-

247 2175 344 2206 sunt
371 2174 590 2220 tempora,
627 2162 746 2204 nulla
774 2162 940 2203 saecula
971 2161 1343 2217 comprehendere.
1404 2159 1681 2201 Medietatem

251 2257 352 2283 vero
380 2241 505 2291 haec,
545 2257 651 2298 quae
680 2255 792 2282 nunc
822 2251 940 2282 sunt:
979 2239 1109 2281 finem
1139 2255 1241 2280 vero
1275 2255 1347 2290 ea,
1391 2254 1496 2296 quae
1539 2239 1679 2279 futura

249 2330 368 2369 sunt,
408 2318 455 2359 id
485 2330 569 2370 est,
614 2318 925 2375 perfectionem
957 2315 1448 2372 consummationemque
1479 2314 1683 2357 universi-

248 2394 365 2446 tatis,
397 2411 504 2453 quae
532 2407 675 2438 tamen
709 2414 756 2439 ex
785 2396 848 2438 his
879 2395 1116 2437 visibilibus
1150 2388 1303 2452 conjici
1324 2405 1514 2451 possunt,
1547 2405 1588 2434 et
1615 2394 1679 2434 in-

248 2471 395 2525 telligi.
442 2473 530 2515 Sed
561 2485 603 2515 et
630 2473 967 2516 vicissitudinum
984 2471 1333 2531 permutationes,
1365 2483 1407 2513 et
1436 2484 1679 2529 temporum

247 2550 568 2603 conversiones,
609 2554 709 2609 et2)
740 2552 838 2594 anni
876 2551 1082 2604 circulos,
1122 2568 1171 2594 ex
1196 2550 1282 2603 his,
1322 2566 1427 2608 quae
1467 2550 1678 2603 videntur,

363 2792 404 2849 1)
437 2791 525 2835 cfr.
557 2791 655 2849 sap.
687 2788 774 2836 sal.
806 2790 911 2841 vn,
941 2788 1008 2834 21.

358 2860 403 2918 2)
433 2861 572 2903 Deest
602 2867 712 2916 „et“
744 2861 788 2903 in
820 2861 886 2903 ed.
918 2859 1065 2902 Ruaei.
