1734 3112
230 80 286 124 56
491 77 714 122 Omessms
744 91 790 121 m
821 79 1060 123 CAN-rmum
1102 81 1404 127 CANTmonum

234 204 401 235 montes
437 193 589 235 excelsi
618 192 843 251 pluraliter
871 194 1154 252 appellantur,
1187 194 1230 237 in
1259 195 1350 238 aliis
1380 212 1502 239 mons
1520 197 1559 254 ¹)
1593 214 1660 240 cx-

237 273 371 314 celsus
399 270 667 326 singulariter
693 272 866 314 dicitur:
898 272 1006 314 sicut
1025 271 1167 313 Esaias
1198 272 1276 314 ait:
1307 273 1382 325 „in
1398 273 1440 329 2)
1471 287 1662 318 montem

237 350 448 392 excelsum
480 350 728 400 conscende,
762 350 835 407 qui
867 349 1124 403 evangelizes
1156 350 1273 393 Sion.
1326 351 1475 394 Exalta
1504 352 1548 394 in
1577 355 1665 395 for-

234 427 416 469 titudine
445 444 597 469 vocem
626 438 756 478 tuam,
788 427 861 484 qui
891 427 1147 481 evangelizas
1177 428 1485 472 Hierusalem.“
1544 432 1665 473 Idem

235 523 417 564 namque
446 506 560 563 ipse,
603 505 674 563 qui
713 505 773 547 ibi
803 505 987 547 Trinitas
1016 516 1197 562 propter
1226 505 1542 549 distinctionem
1572 525 1667 565 per-

236 601 455 635 sonarum,
494 584 562 625 hic
599 600 706 625 unus
736 583 855 625 Deus
892 582 1149 637 intelligitur
1177 600 1257 640 pro
1287 584 1447 626 unitate
1479 587 1667 629 substan·-

234 663 330 705 tiae.
391 662 501 705 Satis
539 661 620 704 sint
650 660 728 702 ista
760 661 811 702 de
843 659 1021 703 hinnulo
1067 678 1303 705 cervorum.
1360 663 1483 705 Nunc
1523 663 1666 707 videa-

236 758 351 791 mus,
398 740 618 798 quomodo
666 739 792 780 etiam
833 755 1007 796 capreae
1053 740 1121 781 vel
1162 741 1355 782 damulae
1397 755 1667 799 comparetur
1727 744 1734 749 ”

235 821 455 861 fraternus.
515 818 612 859 Hoc
642 816 810 868 animal,
842 829 1046 874 quantum
1076 819 1129 860 ad
1162 835 1307 872 graeca
1342 820 1561 871 vocabula,
1590 837 1668 862 no-

236 915 336 939 men
366 914 388 939 a
428 896 613 939 videndo
654 907 778 952 atque
818 897 968 938 clarius
1011 896 1316 954 prospiciendo
1358 898 1554 940 sortitum
1595 911 1667 941 est.

235 976 292 1018 Et
323 975 415 1033 quis
447 987 521 1026 est,
553 974 625 1032 qui
655 973 713 1016 ita
743 974 897 1026 videat,
926 986 974 1015 ut
1004 974 1121 1017 videt
1142 975 1360 1019 Christus?
1406 976 1533 1019 Solus
1551 993 1669 1019 nam-

238 1070 319 1111 que
354 1065 436 1105 est,
479 1053 550 1111 qui
580 1052 717 1103 videt,
757 1052 802 1093 id
843 1064 927 1104 est,
969 1052 1156 1107 agnoscit
1184 1065 1362 1111 patrem.
1422 1055 1531 1097 Nam
1563 1067 1605 1097 et
1635 1056 1670 1098 si

237 1130 486 1187 dicantur3)
515 1131 580 1182 hi,
615 1130 687 1188 qui
715 1131 877 1173 mundo
913 1144 1009 1174 sunt
1040 1132 1168 1174 corde
1197 1132 1341 1174 Deum
1372 1131 1523 1184 visuri,
1553 1133 1671 1175 vide-

235 1211 342 1251 bunt
382 1209 476 1266 ipso
515 1209 604 1251 sine
636 1208 767 1250 dubio
807 1210 1046 1260 revelante,
1093 1210 1189 1267 quia
1220 1222 1260 1252 et
1292 1227 1441 1268 caprea
1470 1211 1598 1253 habet
1625 1212 1668 1254 in

237 1299 387 1330 natura
415 1304 514 1339 sua,
552 1298 600 1329 ut
628 1304 717 1329 non
747 1288 888 1330 solum
919 1288 1060 1331 videat
1089 1289 1180 1345 ipsa
1218 1299 1260 1330 et
1288 1288 1517 1345 perspiciat
1555 1306 1670 1332 acer-

237 1365 369 1417 rime,
405 1366 479 1407 sed
521 1376 563 1407 et
601 1365 695 1407 aliis
730 1365 867 1408 visum
895 1368 1108 1424 praebeat.
1168 1368 1373 1409 Asserunt
1399 1383 1581 1424 namque
1612 1368 1670 1420 hi,

239 1444 391 1501 quibus
421 1442 658 1485 medicinae
687 1443 841 1500 peritia
871 1456 952 1495 est,
982 1444 1117 1486 inesse
1146 1443 1246 1485 huic
1274 1444 1444 1487 animali
1473 1445 1582 1487 intra
1611 1445 1673 1487 vi-

238 1539 355 1565 scera
384 1523 609 1564 humorem
651 1521 883 1578 quendam,
930 1522 1002 1578 qui
1042 1522 1262 1576 caliginem
1304 1522 1493 1580 depellat
1524 1524 1672 1565 oculo-

240 1619 356 1652 rum,
398 1613 439 1642 et
469 1600 708 1642 obtusiores
747 1616 938 1657 quosque
977 1600 1089 1642 visus
1129 1613 1312 1643 exacuat.
1370 1599 1530 1642 Merito
1573 1618 1671 1656 ergo

241 1697 416 1737 capreae
446 1680 515 1720 vel
547 1679 741 1720 damulae
761 1678 951 1721 Christus
973 1691 1254 1736 comparatur,
1287 1678 1383 1736 quia
1411 1695 1500 1721 non
1531 1680 1671 1722 solum

240 1758 358 1800 videt
392 1757 483 1815 ipse
519 1768 706 1814 patrem,
754 1757 829 1798 sed
860 1766 902 1797 et
931 1755 1067 1797 videri
1097 1759 1147 1799 ab
1188 1756 1281 1799 aliis
1318 1757 1441 1808 facit,
1487 1776 1670 1816 quorum

239 1835 352 1877 visus
380 1835 470 1892 ipse
503 1834 721 1877 curaverit.
782 1834 973 1877 Observa
1003 1846 1164 1885 autem,
1204 1852 1257 1877 ne
1289 1835 1462 1878 audiens
1491 1849 1671 1894 patrem,

241 1912 377 1955 videri
410 1908 664 1970 corporeum
696 1911 858 1969 aliquid
888 1912 1063 1963 sentias,
1106 1925 1146 1954 et
1176 1913 1320 1955 Deum
1349 1914 1563 1956 visibilem
1592 1933 1670 1972 pu-

240 2004 316 2033 tes.
361 1991 498 2042 Visus,
532 2008 615 2048 quo
646 1992 766 2032 Deus
795 1990 976 2042 videtur,
1006 2007 1093 2032 non
1124 2003 1186 2033 est
1217 1991 1422 2049 corporis,
1453 1995 1528 2034 sed
1553 2010 1670 2036 men-

241 2069 317 2121 tis,
355 2081 397 2111 et
425 2068 608 2126 spiritus.
672 2069 804 2125 Quod
847 2071 973 2110 etiam
1011 2069 1102 2126 ipse
1132 2070 1329 2111 Salvator
1366 2069 1409 2110 in
1452 2072 1669 2125 evangelio

240 2147 452 2189 vocabulo
501 2147 680 2204 proprio
727 2147 1005 2201 distinguens,
1051 2147 1155 2189 dixit
1174 2148 1238 2205 ⁴):
1286 2164 1448 2199 „nemo
1466 2149 1508 2206 5)
1555 2150 1672 2193 videt

239 2237 405 2283 patrem
434 2224 516 2268 nisi
543 2224 669 2267 filius.
727 2225 927 2282 Denique
958 2237 1000 2267 et
1029 2225 1103 2277 iis,
1149 2243 1255 2283 quos
1296 2226 1397 2268 facit
1425 2227 1569 2269 Deum
1609 2227 1670 2269 vi-

242 2306 357 2356 dere,
388 2305 459 2345 dat
487 2302 683 2360 spiritum
712 2302 924 2354 scientiae,
958 2316 998 2345 et
1027 2303 1223 2361 spiritum
1252 2304 1494 2361 sapientiae,
1521 2317 1569 2348 ut
1591 2323 1670 2363 per

240 2382 381 2439 ipsum
410 2382 607 2439 spiritum
637 2381 807 2423 videant
835 2381 990 2423 Deum.
1048 2381 1105 2422 Et
1134 2380 1232 2423 ideo
1265 2382 1431 2424 dicebat
1461 2384 1514 2426 ad
1545 2384 1670 2426 disci-

239 2461 391 2518 pulos,
433 2460 531 2517 quia
561 2459 663 2516 „qui
679 2459 721 2516 6)
750 2475 819 2501 me
848 2458 979 2511 videt,
1009 2458 1127 2501 videt
1158 2470 1199 2501 et
1229 2472 1405 2516 patrem.
1421 2468 1446 2488 “
1502 2462 1559 2504 Et
1585 2462 1668 2505 uti-

360 2637 402 2695 1)
431 2636 542 2678 Edd.
574 2636 635 2679 M.
675 2652 832 2687 „mons
861 2634 1126 2690 singulariter
1158 2636 1379 2681 dicuntur:
1414 2638 1556 2682 sieut“
1587 2651 1663 2683 etc.

356 2707 401 2765 ²)
431 2706 556 2749 Jesai.
579 2708 678 2758 XL,
707 2707 749 2750 9.
869 2706 912 2762 3)
947 2708 1034 2750 Cfr.
1064 2709 1215 2751 Matth.
1247 2710 1298 2761 V,
1326 2708 1365 2752 8.

357 2777 399 2834 ⁴)
432 2777 541 2819 Edd.
572 2778 632 2819 M.
664 2776 856 2829 ‚,dicit.“
978 2777 1019 2836 ⁵)
1050 2779 1127 2821 Ev.
1158 2780 1307 2822 Joann.
1339 2780 1400 2822 VI
1411 2812 1421 2831 ,
1451 2780 1519 2825 46.

358 2848 402 2905 ⁶)
434 2848 519 2892 Cfr.
551 2864 614 2891 εν.
643 2848 793 2891 Joann.
822 2849 936 2902 XIV,
966 2849 1005 2893 9.
