1763 3112
583 101 631 129 m
662 87 689 128 J
692 96 916 128 Enssmmm.
1372 82 1455 127 427

36 205 98 253 εἷς
126 200 252 248 θεόν.
316 200 427 251 Θεὸς
453 197 543 258 γὰρ
582 195 648 243 ὧν
676 214 789 242 κατα
819 192 984 254 φύσιν,
1031 194 1084 240 οὐ
1111 192 1300 241 πάντων
1329 196 1453 243 ἐστὶν

13 260 132 325 ’κατ’
164 278 299 329 ἀξίαν
331 276 436 326 θεὸς
445 309 463 332 ,
509 274 622 320 ἀλλὰ
659 279 752 325 τοῖς
789 269 901 317 κατὰ
944 271 1026 316 τὸν
1052 270 1360 333 πατριάρχην·
1392 273 1452 325 ὡς

37 360 163 415 εἴπερ
194 353 283 412 ἐγώ
313 351 420 402 θεός
448 368 546 408 σου,
577 354 682 412 περὶ
713 342 777 394 ὧν
807 362 972 408 φησιν·
1005 350 1203 406 ,,ἔσομαι
1222 349 1262 406 ¹)
1300 348 1450 394 αὐτῶν

37 431 212 482 θεός·“
243 429 390 489 ,,ἒγώ,
409 431 452 487 ²)
483 433 565 474 καί
589 443 744 487 φησιν,
778 425 801 471 6
831 425 1165 486 θεὸςἈβραάμ,
1196 429 1274 471 καὶ
1304 424 1327 470 6
1346 425 1452 476 θεὸς

32 509 208 564 Ἰσαὰκ,
256 512 334 552 καὶ
373 506 395 552 6
428 505 533 556 θεὸς
558 504 786 561 ’lanam-‘⁶
830 496 867 562 ᾧ
896 501 1148 561 ἐπήνεγκεν
1179 502 1201 548 6
1234 502 1449 563 Χριστός·

0 584 233 644 ·,,θεὸς3)
274 586 323 629 δὲ
364 583 446 628 οὐκ
485 585 578 628 ἔστι
608 584 802 643 νεκρῶν,
849 579 963 625 ἀλλὰ
992 579 1221 632 ζώντων.“
1276 579 1451 639 Νεκρὸς

35 665 87 708 δὲ
125 666 216 712 πᾶς
254 659 540 720 ἁμαρτωλὸς,
587 659 668 705 οὐκ
713 661 830 718 ἔχων
873 657 955 703 τὸν
999 656 1212 704 εἰπόντα·
1262 655 1446 716 ,,ἓγώ4)

36 744 130 798 εἰμι
152 738 178 796 ἡ
211 737 349 794 ζωή.“

145 815 382 874 ,ξὈπως5)
430 812 576 870 στήσω
625 813 705 858 τὸν
752 811 889 870 ὅρκον
916 830 1034 870 μου,
1075 810 1130 858 ὃν
1166 809 1327 872 ὤμοσα
1356 818 1448 862 τοῖς

34 894 262 954 πατράσιν
290 892 439 953 ὑμῶν,
469 895 545 935 τοῦ
579 892 741 935 δοῦναι
780 890 930 940 αὐτοῖς
967 893 1056 947 γῆν
1092 893 1286 950 ῥέουσαν
1324 888 1446 948 γάλα

34 975 111 1016 καὶ
140 973 294 1029 μέλι..“
359 972 463 1013 Τῶν
501 966 590 1028 γάρ
632 967 883 1026 ἀπογόνων
911 967 1241 1025 λαμβανόντων
1280 970 1323 1012 οἱ
1352 984 1447 1011 πα-

33 1054 152 1107 τέρες
181 1050 370 1104 ἔλαβον·
412 1044 528 1091 οὕτω
570 1048 647 1089 καὶ
686 1043 819 1102 ἡμῶν
853 1043 1210 1102 βασιλευόντων,
1252 1043 1450 1105 Χριστὸς

31 1124 275 1183 βασιλεύει.
333 1125 637 1179 Σημειοῦνται
668 1123 722 1167 δέ
748 1139 877 1179 τινες,
910 1120 976 1167 ὅτι
1005 1122 1280 1180 ,,στη’σω“6)
1310 1126 1444 1180 λέγει,

34 1202 94 1253 ὠς
121 1205 312 1260 μηδέπω
345 1197 574 1250 δεδωκώς·
619 1199 672 1245 οὐ
713 1198 802 1261 γὰρ
831 1203 937 1261 περὶ
966 1203 1042 1257 τῆς
1072 1203 1300 1256 αἰσθητῆς,
1333 1199 1446 1244 ἀλλὰ

31 1283 136 1338 περὶ
175 1272 227 1335 ἧς
265 1294 408 1337 φησιν
446 1277 468 1322 6
509 1275 680 1336 σωτήρ·
725 1276 1035 1338 Ι,,μακάριοι”)
1075 1280 1118 1323 οἱ
1154 1283 1334 1339 πραεῖς,
1380 1276 1447 1322 ὅτι

34 1356 164 1401 αὐτοὶ
194 1353 587 1414 κληρονομήσουσι
615 1353 698 1411 τὴν
725 1357 862 1413 γῆν.“

146 1430 436 1490 ,,’Λνάγνωθι
450 1432 493 1490 Θ)
535 1432 636 1482 τοὺς
674 1431 838 1489 λόγους
865 1429 1109 1489 τούτους,“
1141 1434 1218 1475 καὶ
1249 1428 1303 1476 τά
1331 1431 1443 1487 ἑξῆς.

30 1511 159 1566 ,,Καὶ
197 1508 279 1553 οὐκ
316 1510 590 1565 ἕποίησαν.“
654 1507 1061 1569 Ἀναγινώσκωμεν
1099 1512 1177 1554 καὶ
1223 1515 1315 1559 τοῖς
1359 1511 1443 1560 ἔξω

31 1585 134 1636 τούς
163 1590 274 1631 θεοῦ
304 1584 481 1644 λόγους,
513 1591 575 1638 εἷς
604 1592 830 1647 σωτηρίαν
866 1586 1028 1637 αὐτοὺς
1054 1585 1444 1647 προτρεπόμενοι·

29 1662 94 1720 μὴ
124 1661 417 1720 ποιησάντων
446 1664 497 1708 δὲ
521 1663 624 1714 τοὺς
652 1662 817 1722 λόγους
844 1667 919 1720 τῆς
957 1662 1200 1722 διαθήκης,
1246 1667 1389 1724 φησὶν
1419 1664 1443 1709 6

30 1737 159 1791 θεός·
191 1739 395 1799 ,,ηὑρέθη
410 1740 452 1797 ⁹)
486 1738 741 1798 σύνδεσμος
770 1742 820 1786 ἕν
847 1738 1070 1802 ἀνδράσιν
1092 1739 1255 1798 Ἰούδα,
1286 1744 1364 1786 καὶ
1393 1742 1444 1787 ἔν

30 1822 123 1867 τοῖς
151 1821 441 1863 κατοικοῦσιν
469 1816 812 1878 Ἶερουσαλήμέ(

142 1893 443 1955 ,,Εὑρέθη’0)
482 1893 785 1954 σύνδεσμος.“
840 1891 947 1941 Κᾶν
983 1894 1073 1958 γὰρ
1108 1902 1201 1946 τοῖς
1239 1894 1330 1941 ἀπὸ
1369 1898 1446 1952 τῆς

32 1971 267 2028 ἐκκλησίας
295 1974 419 2018 ἐστὶν
438 1971 777 2033 ἁμαρτημάτων
799 1972 980 2032 δεσμὸς,
1012 1979 1181 2033 σειραῖς
1202 1977 1292 2019 τῶν
1312 1974 1445 2018 ἰδίων

32 2047 273 2109 ἁμαρτιῶν
302 2053 652 2109 σφιγγομέναις.
710 2053 803 2095 Καὶ
835 2052 908 2095 δεῖ
932 2053 1066 2095 λῦσαι
1094 2050 1248 2097 πάντα
1277 2050 1442 2098 σύνδε-

35 2141 155 2184 σμον
185 2128 378 2187 ἀδικίας,
411 2127 613 2174 διαλύειν
641 2129 714 2185 δὲ,
747 2132 1051 2188 στραγγαλίας
1077 2133 1241 2185 βιαίων
1270 2145 1443 2175 συναν-
1470 2169 1473 2172 ,

30 2201 376 2262 ταλλαγμάτων,
407 2203 521 2250 κατὰ
550 2204 601 2251 τὸ
629 2210 968 2265 γεγραμμένον.
1018 2204 1133 2267 Ὅρα
1163 2207 1228 2265 δὲ,
1259 2210 1356 2258 πῶς
1384 2205 1445 2258 ὥς

154 2407 193 2463 ¹)
226 2407 311 2448 Cfr.
340 2405 496 2447 Jerem.
523 2405 684 2460 XXXI,
712 2407 779 2452 33.

148 2477 191 2533 2)
224 2477 309 2518 Cfr.
340 2476 475 2516 Exod.
506 2476 584 2527 III,
613 2476 651 2519 6.

149 2548 191 2602 3)
221 2546 372 2588 Matth.
402 2545 544 2596 XXII,
572 2545 640 2590 32.
760 2547 802 2604 ⁴)
831 2549 908 2592 Ev.
936 2550 1089 2592 Joann.
1117 2551 1233 2601 XIV,
1264 2551 1302 2594 6.

154 2616 196 2671 5)
226 2615 382 2656 Jerem.
413 2617 490 2666 XI,
520 2616 558 2658 5.
732 2618 776 2674 ⁶)
807 2621 962 2663 Jerem.
993 2621 1070 2675 XI,
1100 2622 1138 2665 5.

152 2684 194 2740 ⁷)
226 2686 377 2728 Matth.
407 2686 459 2737 V,
489 2686 529 2728 5.

151 2754 194 2811 ⁸)
222 2754 378 2800 Jerem.
407 2756 484 2807 XI,
515 2755 552 2799 6.
581 2757 620 2801 8.
654 2759 751 2805 coll.
786 2759 975 2802 Humilia
1004 2763 1081 2803 IX.

153 2824 198 2879 ⁹)
232 2825 318 2868 Cfr.
346 2826 501 2868 Jerem.
533 2827 609 2882 XI,
639 2829 676 2873 9.
801 2831 869 2888 ¹⁰)
898 2830 1052 2874 Jerem.
1083 2832 1160 2882 XI,
1190 2832 1228 2875 9.
