1763 3112
251 92 336 138 240
672 92 890 133 Omassms
921 102 966 132 m
997 91 1021 130 J
1027 101 1238 130 Ennmmm

254 213 394 257 λασις.
454 207 544 248 Καὶ
583 202 642 252 ὠς
679 200 926 259 συνήνεγκε
966 200 1014 243 τό
1056 197 1347 257 παράπτωμα
1388 203 1468 244 τοῦ
1495 201 1669 258 Ἰσραὴλ

253 288 303 346 τῇ
334 288 528 341 σωτηρίᾳ
568 284 659 325 τῶν
697 281 870 333 ἐθνῶν,
918 275 1057 326 οὕτως
1101 282 1300 321 συνοίσει
1338 275 1364 332 ἡ
1402 277 1585 328 κόλασις
1613 283 1664 338 τῇ

252 364 416 419 ἑτέρων
445 363 651 414 σωτηρία.
717 355 807 398 Δια
839 357 968 398 τοῦτο
1001 353 1178 410 ἀγαθὸς
1208 351 1273 398 ὢν
1302 352 1325 398 ὁ
1357 353 1466 404 θεός
1497 372 1662 414 φησιν·

252 439 395 496 ,,οὗ“)
436 442 678 495 φείσομαι,
725 436 801 476 καὶ
848 431 930 475 οὐκ
978 429 1238 487 οἰκτειρήσω
1280 429 1371 476 ἀπὸ
1405 434 1668 494 διαφθορᾶς

253 515 454 560 αὐτῶν.“

363 592 401 634 7.
432 589 870 645 Περιγεγραμμένου
902 585 951 628 δὲ
968 585 1012 640 ²)
1033 588 1112 628 τοῦ
1133 584 1233 634 ἑνὸς
1251 590 1517 644 κεφαλαίου,
1554 588 1665 631 ἴδω-

250 686 337 727 μεν
380 670 455 712 καὶ
486 667 636 720 ἕτερον
680 668 725 706 τί
769 661 888 721 ἡμᾶς
933 661 1162 706 διδάσκει·
1212 661 1541 721 ,,ἀκούσατε,3)
1588 668 1665 708 καὶ

251 748 550 798 ἐνωτίσασθε,
599 743 674 783 καὶ
721 738 783 796 μὴ
835 741 1102 795 ἐπαίρεσθε,
1150 737 1215 783 ὅτι
1259 739 1411 799 κύριος
1459 739 1661 796 ἐλάλησε.

248 822 364 868 Δότε
405 824 466 878 τῷ
509 823 647 876 κυρίῳ
676 820 770 873 θεῷ
803 815 934 873 ὑμῶν
973 816 1114 867 δόξαν
1143 815 1232 873 πρὸ
1261 819 1342 861 τοῦ
1372 817 1660 874 συσκοτάσαι,

247 905 324 945 καὶ
354 898 442 957 πρὸ
475 900 551 942 τοῦ
586 892 849 952 προσκόψαι
881 882 983 942 τόὺς
1014 892 1159 942 πόδας
1189 892 1322 951 ὑμῶν
1351 894 1416 938 ἐπ’
1438 891 1518 953 ὅρη
1549 911 1661 939 σκο-

247 976 397 1023 τεινά·
439 979 514 1019 καὶ
552 973 820 1028 ἀναμενεῖτε
860 975 921 1021 εἰς
951 974 1062 1029 φῶς.
1132 975 1225 1014 Καὶ
1255 973 1350 1016 ἐκεῖ
1376 971 1480 1016 σκιὰ
1509 971 1661 1016 θανά-

245 1072 340 1110 του,
373 1056 448 1097 καὶ
478 1050 745 1105 τεθήσονται
776 1053 838 1099 εἰς
866 1049 1036 1097 σκότος.
1100 1047 1209 1091 Ἐὰν
1248 1051 1298 1093 δὲ
1327 1047 1391 1106 μὴ
1425 1048 1657 1106 ἀκούσητε,

244 1134 563 1189 κεκρυμμένως
606 1126 846 1171 κλαύσεται
889 1125 914 1180 ἡ
958 1124 1080 1183 ψυχή
1123 1124 1255 1182 ὑμῶν
1286 1125 1378 1170 ἀπὸ
1408 1125 1660 1182 προσώπου

241 1208 431 1265 ὕβρεως,
479 1208 556 1248 καὶ
593 1202 865 1254 κατιὲξουσιν
906 1206 949 1247 οἱ
997 1202 1237 1260 ὀφθαλμοὶ
1283 1202 1416 1261 ὑμῶν
1465 1202 1655 1261 δάκρυα,

242 1284 359 1330 διότι
390 1287 625 1341 συνετρίβη
655 1279 704 1324 τὸ
736 1286 956 1336 ποίμνιον
986 1282 1196 1336 κυρίου.“
1269 1279 1465 1330 Τούτους
1495 1281 1658 1331 αὐτοὺς

237 1360 445 1419 βούλεται
473 1359 681 1413 ἀκοῦσαι,
713 1360 790 1400 καὶ
824 1358 1152 1411 ἕνωτίσασθαι,
1187 1356 1267 1400 οὐκ
1297 1357 1592 1415 ἀρκούμενος,
1611 1361 1655 1414 ⁴)

241 1437 342 1484 οὔτε
382 1440 442 1494 τῷ
488 1433 673 1480 ἀκούειν
711 1433 872 1483 αὐτοὺς
907 1432 1077 1491 μόνον,
1129 1429 1229 1478 οὔτε
1257 1437 1320 1491 τῷ
1353 1435 1653 1486 ἑνωτίζεσθαι.

238 1514 324 1561 Διό
356 1528 520 1574 φησιν·
554 1509 888 1568 ,,άκοὺσατε,5)
920 1515 997 1554 καὶ
1028 1513 1342 1562 ἕνωτίζεσθ·ε.“
1397 1509 1513 1555 Εἶτα
1541 1511 1655 1568 μετὰ

236 1597 369 1639 τοῦτο
399 1589 676 1648 προστάσσει
707 1588 858 1637 αὐτοῖς
894 1587 958 1646 μὴ
1001 1589 1294 1645 ἐπαίρεσθαι,
1333 1592 1411 1632 καὶ
1450 1589 1656 1635 διδάσκει

240 1668 262 1716 ὃ
293 1673 520 1723 ποιητέον.
584 1671 643 1709 Τί
671 1658 752 1710 οὖν
781 1664 830 1709 τὸ
863 1665 1071 1722 ἀκοῦσαι,
1106 1670 1183 1710 καὶ
1213 1671 1259 1710 τί
1279 1665 1328 1710 τὸ
1349 1668 1655 1711 ἓνωτίσασθαι

237 1747 311 1792 ἀπ’
357 1746 490 1798 αὐτῆς
529 1746 609 1797 τῆς
647 1747 803 1793 λέξεως
840 1741 1213 1801 κατανοήσωμεν.
1294 1743 1357 1788 Τὸ
1399 1745 1655 1800 ,,ἒνωτίσα-

237 1827 354 1871 σθε“
385 1827 445 1873 εἰς
473 1820 525 1866 τὰ
560 1813 650 1864 ὦτα
681 1821 897 1869 δέξασθε·
930 1823 1007 1862 καὶ
1036 1818 1086 1863 τὸ
1116 1819 1409 1875 ,,ἆκούσατε“
1429 1820 1542 1880 πρὸς
1567 1821 1654 1866 ἀν·-

234 1900 520 1955 ῃδιαστολὴν
553 1901 728 1955 λέγεται
757 1899 862 1940 τοῦ·
894 1897 1188 1949 ἐνωτίσασθε,
1218 1896 1400 1956 μήποτέ
1423 1901 1560 1954 ἐστιν,
1592 1903 1655 1949 εἰς

233 1981 316 2037 τὴν
344 1977 557 2023 διάνοιαν
586 1977 794 2025 δέξασθε.
853 1977 947 2016 Καὶ
975 1974 1052 2016 ἐπὶ
1081 1976 1172 2017 τῶν
1190 1978 1452 2031 λεγομένων
1477 1977 1527 2019 ἓν
1556 1982 1653 2025 ταῖς

231 2063 456 2118 γραφαῖς,
498 2050 525 2098 ἃ
564 2057 651 2111 μέν
692 2053 814 2095 ἔστιν
845 2047 1180 2110 ἇποῤῥητότερα
1211 2054 1289 2094 καὶ
1316 2050 1649 2108 μυστικώτερα·

231 2134 261 2180 ἃ
306 2137 357 2180 δὲ
404 2131 600 2177 αὐτόθεν
641 2127 847 2187 χρήσιμα
890 2134 982 2178 τοῖς
1028 2132 1196 2172 νοοῦσι.
1272 2131 1388 2187 Περὶ
1432 2129 1521 2183 μὲν
1559 2131 1651 2172 τῶν

231 2213 620 2273 ἀπορῤητοτέρων,
653 2203 800 2263 οἶμαι,
825 2209 1002 2262 λέγεται
1018 2203 1093 2249 τό·
1125 2203 1451 2261 ,,ἇκούσατε·“
1473 2206 1515 2262 6)
1546 2209 1650 2265 περὶ

231 2291 280 2334 δὲ
311 2291 400 2333 τῶν
430 2283 627 2330 αὐτόθεν
649 2287 914 2342 χρησίμων,
957 2285 1033 2325 καὶ
1066 2285 1207 2341 χωρὶς
1236 2284 1475 2340 ἑρμηνείας
1503 2283 1650 2326 δυνα-

229 2371 383 2425 μένων
420 2365 650 2424 ὥφελῆσαι
682 2359 762 2406 τὸν
802 2357 1053 2416 ἀκούοντα,
1096 2358 1171 2404 τό·
1223 2360 1648 2416 ,,ἑνωτίσασθε.“7)

346 2491 386 2548 ¹)
419 2492 574 2531 Jerem.
605 2489 728 2539 XIII,
760 2489 825 2533 14.
944 2488 984 2544 2)
1016 2488 1124 2529 Edd.
1156 2487 1208 2528 H.
1241 2486 1386 2542 ,,δη’.“

343 2562 386 2616 3)
414 2562 570 2601 Jerem.
600 2559 723 2608 XIII,
755 2559 818 2600 15.
856 2556 920 2599 16.
954 2557 1018 2600 17.

343 2632 384 2687 ⁴)
415 2631 467 2672 H.
501 2642 542 2671 et
574 2631 623 2671 R.
656 2630 698 2669 in
728 2640 863 2669 textu:
905 2627 1298 2684 ,,ιἰρκου,ιιε’νους,“
1337 2627 1390 2668 Η.
1423 2637 1560 2667 tamen
1590 2626 1641 2666 ad

225 2705 367 2741 marg„
397 2689 450 2728 R.
479 2687 522 2727 in
551 2685 684 2727 notis:
720 2686 860 2737 „Iege2
891 2684 1225 2743 ἀρκούμενος-,ιζ

341 2758 381 2814 ⁵)
412 2759 570 2799 Jerem.
599 2756 720 2805 XIII,
755 2755 820 2798 15.
941 2755 983 2809 ⁶)
1013 2755 1169 2795 Jerem.
1199 2754 1320 2804 XIII,
1353 2755 1418 2797 15.

342 2829 383 2884 ⁷)
412 2829 565 2870 Jerem.
596 2827 717 2875 XIII,
748 2825 815 2868 ‘15.
