1734 3112
231 108 289 154 38
529 106 751 148 Omezms
782 116 827 148 lN
857 104 1039 148 Cam-10.
1073 103 1375 147 CAs‘rtcouum

241 235 430 270 temnere
483 236 550 262 am
588 219 708 270 retia,
754 236 860 276 quae
892 218 931 260 ei
962 218 1199 260 tetenderat
1236 216 1451 269 inimicus,
1494 234 1572 260 nce
1612 218 1661 260 ti-

242 311 356 344 meat
384 299 580 356 laqueos,
634 314 740 356 quos
779 299 831 339 ab
869 314 912 338 se
946 295 1029 354 jam
1060 295 1223 338 viderat
1252 313 1340 338 esse
1370 295 1583 353 diruptos:
1625 308 1665 338 et

243 379 379 422 adhuc
409 389 455 421 ut
485 376 668 434 amplius
699 377 752 419 ad
781 393 825 419 se
854 391 1051 432 sponsam
1080 387 1289 431 provocet
1315 375 1526 426 festinare,
1557 374 1668 417 dicat

246 458 306 502 ei:
340 456 437 516 quia
468 472 595 500 omne
624 466 818 512 tempus,
848 454 964 512 quod
993 452 1078 511 jam
1107 469 1229 507 grave
1259 454 1492 505 videbatur,
1522 452 1668 495 transi-

248 537 331 590 vit,
367 547 409 578 et
439 534 595 586 hiems,
633 549 739 592 quae
782 532 822 574 ei
852 548 972 575 causa
1003 544 1146 576 exorta
1179 532 1423 584 videbatur,
1460 530 1671 581 abscessit,

247 614 502 674 pluviaeque
533 612 704 656 inutiles
734 610 948 663 abierunt,
990 622 1032 653 et
1060 623 1228 669 tempus
1256 610 1342 669 jam
1371 611 1572 654 floridum
1603 627 1672 653 ve-

250 694 336 745 nit,
372 691 479 735 nihil
517 690 694 734 moreris
732 690 814 733 iter
852 688 1020 744 aggredi
1051 689 1306 746 veniendi¹)
1338 691 1391 732 ad
1419 706 1501 732 me.
1559 689 1672 731 Ecce

249 771 363 814 enim
392 781 434 813 et
462 768 693 824 agricolae,
739 766 837 825 quia
865 767 973 810 veris
1011 766 1095 825 jam
1132 780 1300 825 tempus
1330 768 1489 823 arrisit,
1534 769 1674 811 vineas
1721 772 1734 778 ’

251 850 420 892 colunt:
451 864 533 890 vox
563 846 676 888 enim
705 846 855 902 tum²)
890 856 932 888 et
960 845 1137 890 aliarum
1161 848 1316 900 avium,
1344 861 1437 891 tum
1462 848 1588 890 etiam
1608 864 1677 889 so-

250 945 355 972 nora
384 940 426 970 et
453 939 568 982 grata
598 924 772 968 turturis
802 925 1010 968 vernantis
1040 926 1220 970 auditur.
1280 928 1366 970 Sed
1405 939 1447 970 et
1483 927 1587 969 ficus
1623 926 1678 967 de

250 1007 360 1051 veris
402 1018 516 1050 certa
550 1004 758 1062 temperie
797 1020 968 1058 germen
1003 1022 1127 1049 suum
1164 1007 1388 1064 produxit:
1432 1004 1538 1047 vites
1574 1021 1675 1046 vero

253 1087 296 1132 in
325 1098 490 1130 tantum
520 1085 573 1126 de
601 1083 808 1140 temporis
836 1084 1140 1142 tranquillitate
1158 1101 1246 1128 non
1277 1084 1493 1136 dubitant,
1523 1094 1570 1125 ut
1600 1083 1680 1126 flo-

253 1183 321 1210 res
352 1182 448 1208 suos
476 1164 562 1222 jam
591 1164 771 1207 audeant
802 1164 1040 1221 odoresque
1082 1164 1287 1222 proferre.
1347 1163 1464 1205 Haec
1508 1162 1680 1219 quidem

255 1246 310 1288 de
342 1242 649 1300 tranquillitate
678 1242 886 1299 temporis
914 1242 1072 1285 indicat
1094 1258 1287 1302 sponsae,
1318 1253 1366 1284 ut
1392 1239 1553 1299 majore
1584 1258 1681 1284 cum

254 1322 411 1366 fiducia
449 1320 639 1378 arripere
676 1322 758 1363 iter
796 1322 948 1364 audeat
981 1322 1187 1381 pergendi
1222 1322 1275 1364 ad
1311 1336 1525 1378 sponsum.
1595 1321 1682 1364 Sed

256 1413 299 1444 et
328 1402 474 1443 locum
503 1399 705 1442 describit
736 1400 788 1451 ei,
818 1400 863 1442 in
893 1417 978 1457 quo
1008 1401 1101 1442 vult
1124 1417 1216 1443 eam
1235 1416 1378 1443 secum
1396 1399 1679 1458 requiescere:

255 1491 299 1522 et
329 1478 432 1520 dicit
462 1478 701 1520 velamento
743 1477 961 1536 cujusdam
998 1479 1106 1530 saxi,
1152 1480 1268 1536 quod
1307 1494 1429 1520 muro
1469 1479 1571 1536 ipsi,
1616 1480 1685 1522 vel

258 1560 357 1601 loco
388 1574 470 1615 pro
500 1557 655 1599 murali
685 1557 930 1612 contiguum
958 1557 1026 1609 sit,
1056 1556 1356 1614 opacissimum
1385 1557 1596 1615 quendam
1627 1558 1686 1598 ef-

258 1637 330 1680 fici
359 1638 526 1679 locum:
558 1638 611 1678 ad
642 1654 769 1695 quem
800 1637 944 1679 venire
975 1653 1066 1678 eam
1096 1636 1202 1688 vult,
1236 1648 1276 1678 et
1305 1637 1446 1679 ablato
1478 1635 1687 1679 velamine

260 1716 323 1758 ibi
362 1715 450 1772 ejus
487 1716 718 1758 revelatam
757 1716 910 1758 faciem
958 1715 1171 1766 contueri,
1213 1727 1260 1757 ut
1297 1715 1405 1758 facie
1445 1716 1496 1756 ad
1536 1714 1687 1756 faciem

262 1794 495 1837 innotescat
530 1810 687 1851 sponso
727 1810 826 1847 suo,
872 1806 915 1836 et
942 1810 1030 1836 non
1057 1795 1199 1836 solum
1229 1793 1381 1836 faciem
1412 1792 1500 1851 ejus
1528 1793 1690 1835 revela-

262 1886 349 1915 tam
378 1872 522 1915 videat
550 1889 729 1930 sponsus
760 1884 801 1914 et
831 1873 1022 1923 liberam,
1051 1874 1127 1915 sed
1157 1884 1199 1914 et
1229 1889 1381 1914 vocem
1411 1871 1499 1931 ejus
1529 1871 1589 1913 ibi
1619 1888 1690 1913 au-

264 1953 377 2004 diat,
415 1964 553 1993 certus
591 1936 677 2010 iarn
714 1952 832 2009 quod
872 1965 913 1995 et
941 1951 1068 1994 facies
1098 1951 1185 2011 ejus
1215 1953 1392 2009 pulchra
1422 1951 1496 2002 sit,
1537 1963 1579 1992 et
1609 1967 1691 1992 vox

266 2032 355 2090 ejus
385 2031 521 2074 suavis
553 2047 600 2072 ac
631 2030 907 2073 delectabilis.
951 2031 1068 2073 Haec
1095 2043 1236 2073 autem
1255 2030 1572 2088 praevenientes
1592 2046 1690 2071 con-

265 2110 489 2170 junximus,
518 2127 571 2152 ne
603 2109 797 2152 ordinem
829 2110 1046 2164 dramatis,
1088 2122 1130 2152 et
1157 2109 1355 2152 historiae
1384 2120 1546 2151 textum
1576 2107 1692 2148 vide-

264 2208 407 2234 remur
445 2189 825 2247 interrumpere3).
885 2190 973 2232 Sed
1008 2188 1326 2248 praevenientes
1363 2187 1588 2245 paululum
1627 2203 1693 2228 us-

267 2276 351 2329 que
388 2270 441 2311 ad
478 2268 605 2311 illum
643 2265 811 2310 loeum'
837 2268 1005 2310 fabulae
1051 2267 1245 2310 ordinem
1282 2265 1498 2325 prosecuti
1536 2282 1694 2318 sumus,

268 2348 344 2391 ubi
374 2348 449 2391 ait:
481 2346 721 2406 „quoniam
735 2347 778 2404 ⁴)
808 2363 889 2388 vox
919 2359 990 2388 tua
1019 2346 1173 2399 suavis,
1204 2345 1331 2388 facies
1359 2357 1431 2387 tua
1461 2344 1695 2402 speciosa.“

271 2431 394 2471 Nunc
425 2444 522 2481 ergo
554 2438 806 2484 repetentes,
836 2425 1053 2469 videamus
1076 2425 1217 2483 primo
1245 2424 1347 2483 quid
1366 2436 1439 2477 est,
1470 2424 1587 2481 quod
1614 2422 1693 2464 ait:

272 2506 438 2565 ‚,vox⁵)
469 2505 642 2555 fraterni
672 2504 798 2550 mei.“
840 2504 904 2550 Ex
922 2521 1029 2547 voce
1058 2505 1149 2548 sola
1177 2506 1228 2548 ab
1257 2503 1434 2548 ecelesia
1459 2518 1534 2545 sua
1552 2500 1692 2559 primo

393 2692 434 2748 ¹)
463 2691 573 2733 Edd.
604 2691 666 2732 M.
697 2689 829 2742 „veni
858 2690 912 2732 ad
939 2696 1056 2734 me.“

390 2762 438 2818 ²)
466 2761 576 2803 Edd.
607 2761 667 2803 M.
706 2778 839 2813 „cum
871 2773 912 2803 et
946 2763 1157 2806 aliarum“
1189 2773 1266 2805 etc.

391 2832 435 2889 ³)
465 2831 666 2874 Edd.'M.
695 2864 721 2883 „
734 2831 981 2890 irrumpere.
996 2841 1021 2861 “
1140 2832 1183 2890 4)
1216 2830 1374 2875 cantic.
1404 2829 1459 2880 ΙΙ,
1490 2827 1555 2873 14.

394 2903 436 2960 ⁵)
469 2901 624 2947 Cantic,
656 2903 713 2956 II,
741 2902 780 2948 8.
