1734 3112
216 108 268 153 44
509 108 729 149 Omonms
760 120 804 149 m
835 106 1018 149 CAN’rrc.
1052 106 1355 150 Cmrrconum

215 222 284 264 Ob
315 220 396 261 boc
429 221 556 262 credo
590 232 630 261 et
661 220 748 277 ipsc
779 222 923 270 Jesus,
973 237 1066 261 cum
1099 221 1151 261 ad
1182 223 1564 263 transformandum
1596 239 1636 264 se

213 299 339 350 venit,
369 315 452 341 non
485 298 525 339 in
559 298 697 355 aliqua
728 298 919 354 planitie,
961 309 1031 339 aut
1065 299 1256 340 convalle
1286 300 1387 350 fuit,
1420 301 1492 341 sed
1523 317 1642 342 mon-

231 394 297 420 em
329 376 586 426 conscendit,
617 376 689 417 ubi
722 388 762 416 et
792 377 1109 417 transformatus
1141 387 1225 418 est:
1262 378 1366 434 ut¹)
1397 377 1513 428 scias,
1545 395 1641 420 eum

210 472 377 513 semper
405 455 449 496 in
481 454 724 504 montibus,
771 465 841 494 aut
882 453 923 494 in
957 453 1139 495 collibus
1179 470 1403 512 apparere,
1454 467 1494 497 et
1523 467 1569 496 ut
1600 467 1643 496 te

210 537 373 583 doceat,
403 549 455 575 ne
485 548 662 591 usquam
694 549 789 573 eum
820 530 898 572 nisi
927 531 968 571 in
996 531 1096 585 legis
1126 544 1166 573 et
1189 532 1492 589 prophetarum
1520 549 1642 574 mon-

208 614 321 655 tibus
352 627 535 669 quaeras.
598 610 729 665 Quod
761 620 900 650 autem
943 609 1072 651 sancti
1103 609 1260 666 quique
1290 621 1456 651 montes
1493 612 1640 667 appel-

208 692 360 741 lantur,
393 690 435 732 in
450 689 492 746 2)
518 688 663 730 multis
687 687 929 743 Scripturae
962 688 1068 729 locis
1097 687 1285 729 invenies
1315 687 1504 738 indicari,
1535 688 1642 730 sicut

208 768 265 810 ait
294 768 337 810 in
367 767 567 809 Psalmis:
601 766 967 822 „fundamenta³)
999 765 1086 824 ejus
1116 765 1159 807 in
1190 765 1406 808 montibus
1436 767 1637 808 sanctis.“

207 846 261 887 Et
293 844 471 886 iterum:
505 843 734 896 „levavi⁴)
769 844 917 884 oculos
935 859 1053 884 meos
1084 842 1126 884 in
1149 855 1329 894 montes,
1359 845 1472 885 unde
1502 844 1641 885 veniet

208 923 408 965 auxilium
440 922 592 964 mihi.“
659 920 872 962 Auxilium
912 937 1093 978 namque
1131 921 1175 962 in
1212 921 1556 964 tribulationibus
1588 939 1635 964 ex

208 1002 509 1060 scripturarum
542 1000 778 1042 divinarum
811 998 999 1040 sensibus
1041 1000 1240 1055 capimus.
1302 1000 1531 1042 Possumus
1570 1002 1641 1042 ad-

207 1081 288 1122 huc
332 1091 374 1121 et
411 1090 599 1129 montes,
643 1078 685 1120 in
718 1077 869 1134 quibus
899 1077 1023 1119 salire
1054 1078 1232 1118 verbum
1262 1077 1346 1118 Dei
1379 1078 1556 1130 dicitur,
1599 1092 1640 1121 et

208 1157 324 1216 quasi
355 1157 529 1199 liberius
561 1156 718 1207 efferri,
749 1173 908 1198 novum
940 1155 1130 1212 accipere
1156 1167 1476 1209 testamentum3
1507 1158 1640 1199 colles

206 1252 331 1286 vero,
374 1236 425 1276 de
458 1234 609 1291 quihus
645 1235 761 1292 quasi
793 1235 865 1277 diu
900 1249 1165 1290 compressus
1198 1245 1238 1274 et
1270 1235 1505 1276 occultatus
1537 1235 1640 1277 exsi-

206 1314 293 1365 liit,
346 1313 497 1354 veteris
539 1314 779 1355 testamenti
826 1313 980 1354 sentire
1024 1310 1252 1353 volumina.
1321 1313 1407 1354 Sed
1447 1324 1487 1353 et
1527 1315 1640 1369 apud

205 1391 466 1434 Hieremiam
496 1403 716 1433 venatores
755 1403 797 1434 et
826 1392 1055 1448 piscatores
1074 1422 1085 1440 ,
1134 1389 1206 1446 qui
1235 1389 1460 1432 mittuntur
1491 1407 1640 1447 capere

204 1469 395 1511 homines
425 1470 477 1512 ad
507 1469 710 1520 salutem,
754 1469 797 1511 in
834 1467 1050 1510 montibus
1089 1479 1131 1508 et
1162 1468 1345 1509 collibus
1388 1483 1459 1510 eos
1489 1485 1639 1525 capere

204 1549 422 1591 dicuntur:
453 1547 512 1589 sic
546 1547 656 1589 enim
687 1547 764 1589 ait:
807 1547 1018 1604 „ecce⁵),
1050 1545 1174 1586 mitto
1206 1545 1365 1586 multos
1395 1545 1640 1601 piscatores,

206 1639 248 1669 et
277 1628 436 1668 multos
470 1637 713 1676 venatores,
754 1637 795 1667 et
838 1625 1004 1682 capient
1045 1640 1117 1666 eos
1149 1640 1276 1682 super
1306 1640 1477 1665 omnem
1519 1641 1640 1665 mon-

202 1718 289 1747 tem
321 1716 363 1746 et
391 1720 520 1762 super
551 1721 721 1746 omnem
754 1703 962 1745 collem.“
1023 1702 1155 1757 Quod
1195 1718 1271 1754 ego
1312 1701 1441 1755 magis
1483 1703 1535 1744 ad
1573 1703 1639 1744 fu-

203 1795 344 1824 turum
374 1794 542 1839 tempus
572 1782 613 1823 in
647 1781 1010 1824 consummatione
1043 1779 1199 1822 saeculi
1231 1778 1497 1837 implendum
1517 1792 1639 1837 puto,

203 1874 262 1912 ut,
295 1879 391 1903 cum
420 1860 537 1903 missi
569 1860 729 1903 fuerint
760 1859 895 1914 angeli
934 1859 1165 1900 seeundum
1210 1858 1489 1911 evangelicam
1520 1876 1641 1915 para-

202 1942 347 1984 bolam
364 1940 406 1997 Ε)
437 1939 583 1982 messis
614 1951 835 1996 tempore,
874 1950 922 1979 ut
962 1937 1258 1995 separarent7)
1290 1938 1500 1979 frumenta
1529 1954 1551 1979 a
1582 1937 1638 1978 zi-

203 2019 352 2070 zaniis‚
392 2019 464 2076 qui
497 2017 738 2060 excelsioris
770 2017 880 2059 vitae
912 2029 955 2059 et
986 2015 1274 2058 eminentioris
1304 2015 1432 2057 fuerit
1463 2032 1638 2057 conver-

202 2098 394 2149 sationis,
426 2097 503 2140 iste
537 2096 635 2152 in3)
667 2096 884 2138 montibus
914 2095 1151 2137 inveniatur
1165 2094 1233 2150 ⁹),
1265 2105 1336 2135 aut
1365 2092 1408 2135 in
1441 2093 1634 2135 collibus.

202 2179 299 2219 Non
330 2175 568 2218 invenietur
597 2175 640 2216 in
670 2174 903 2217 humilibus
936 2186 978 2216 et
1008 2173 1181 2232 dejectis
1212 2173 1332 2223 locis,
1360 2188 1413 2214 ne
1442 2172 1503 2213 ibi
1533 2171 1637 2214 mix-

202 2266 269 2297 tus
307 2254 501 2297 videatur
541 2269 627 2295 esse
668 2253 853 2296 zizaniis:
899 2254 972 2295 sed
1010 2251 1052 2294 in
1094 2250 1394 2294 excelsioribus
1433 2251 1636 2303 sensibus,

323 2452 361 2506 ¹)
393 2452 501 2492 Edd.
536 2451 596 2492 Μ.
631 2462 714 2501 „ut
743 2450 846 2492 scias
879 2450 948 2492 dei
981 2449 1150 2492 unicum
1182 2455 1383 2507 semper“
1414 2463 1490 2492 etc.

319 2524 361 2581 ²)
394 2523 526 2564 Deest
558 2519 674 2571 ‚,in“
705 2519 749 2561 in
780 2521 873 2562 edd.
891 2521 951 2563 M.
1055 2522 1101 2579 ³)
1130 2522 1284 2563 Psalm.
1305 2521 1563 2573 LXXXVII,
1598 2522 1633 2566 1.

318 2594 361 2650 ⁸)
392 2592 545 2635 Psalm.
581 2591 745 2641 CXXI,
778 2591 813 2634 1.
938 2592 982 2644 ⁵)
1014 2592 1100 2635 Cfr.
1129 2592 1259 2637 Jesai.
1291 2592 1416 2643 XVI,
1447 2591 1511 2636 16.

317 2664 361 2720 ⁶)
395 2663 481 2705 Cfr.
512 2662 663 2705 Matth.
695 2661 816 2712 XIII,
845 2661 912 2705 24.
945 2679 1059 2721 seqq.

320 2734 362 2790 ⁷)
393 2734 503 2776 Edd.
532 2734 596 2776 Μ.
628 2765 653 2784 ‚,
665 2745 870 2789 separent.
883 2739 908 2758 ‘⁴

318 2805 361 2860 ⁵)
391 2806 558 2847 Desunt
586 2806 733 2846 verba:
765 2803 846 2854 „in
876 2806 1130 2848 montibus“
1163 2805 1203 2848 in
1235 2806 1301 2847 ed.
1333 2805 1478 2847 Ruaei.

321 2874 362 2929 9)
392 2875 500 2916 Εᾶᾶ.
536 2876 595 2917 Μ.
628 2875 949 2927 „invenietur.“
