1713 3083
171 130 213 155 νι
697 114 1052 157 PROLEGOMENA.

167 229 240 268 tus
272 230 342 268 est
371 223 699 281 Hieronymus,
737 231 889 269 textus
931 238 1121 282 graecus
1160 227 1385 269 secundae
1425 230 1469 268 et
1498 230 1588 269 ter-

166 309 260 352 tiae
296 323 380 352 nec
418 315 628 367 repertus
667 315 737 353 est
785 311 830 353 in
872 311 1044 354 Codice
1083 309 1384 362 Scorialensi,
1430 310 1589 353 necin

167 393 403 437 Vaticano.
468 394 713 451 Utramque
742 395 788 437 in
819 395 972 439 Huetii
1003 394 1204 438 editione
1235 395 1452 438 omissam
1482 401 1589 453 post

167 479 480 521 novemdecim
512 492 701 535 graecas
732 479 1036 536 proferimus,
1082 479 1238 535 ibique
1270 479 1473 522 addimus
1505 479 1587 521 ho-

165 562 320 606 miliae
348 562 611 606 tricesimae
627 577 775 606 nonae
794 564 1091 620 fragmentum
1114 576 1340 620 graecum,
1374 565 1494 620 quod
1512 577 1589 606 ex-

167 646 296 690 hibet
326 646 583 690 Philocalia
623 661 723 705 cap.
757 648 821 691 10.
889 648 1137 691 Praeterea
1171 662 1273 691 cum
1315 649 1588 704 quatuorde-

168 731 256 774 cim
287 731 500 775 homilias
533 732 692 774 ordine
733 732 922 775 confuso
962 732 1288 790 interpretatus
1318 733 1454 775 fuerit
1482 733 1589 776 Hie-

165 829 398 873 ronymus,
427 830 504 860 eas
524 816 657 859 aliter
686 816 731 858 in
763 829 845 860 sua
875 817 1075 860 editione
1107 817 1356 861 collocavit
1384 817 1588 871 Huetius,

167 914 299 957 quam
349 901 606 944 collocatae
654 901 832 945 fuerant
875 902 921 944 in
969 902 1170 945 editione
1221 902 1506 945 Genebrardi
1545 907 1590 945 et

166 985 286 1038 aliis,
320 991 595 1042 secutusque
624 991 694 1029 est
720 986 951 1029 Jeremiae
982 993 1271 1040 contextum,
1302 1000 1385 1030 nec
1415 1000 1506 1029 non
1535 986 1589 1029 il-

166 1069 258 1112 lum
293 1071 524 1121 ordinem,
554 1084 687 1128 quem
716 1070 762 1113 in
803 1071 945 1113 Codd.
976 1071 1199 1115 Vaticano
1234 1077 1278 1114 et
1309 1072 1589 1114 Scorialensi

165 1155 419 1198 servabant.
475 1156 605 1199 Hunc
637 1161 682 1198 et
714 1168 797 1198 nos
827 1156 1070 1212 sequimur.
1120 1157 1249 1210 Quae
1278 1156 1414 1199 tertia
1445 1162 1515 1198 est
1543 1158 1588 1198 in

164 1245 324 1282 nostra
354 1240 579 1293 editione,
625 1239 896 1297 imperfecta
927 1246 1016 1293 est,
1064 1244 1110 1283 et
1146 1253 1326 1282 versum
1370 1242 1589 1284 duntaxat

164 1323 446 1366 tricesimum
478 1324 644 1381 capitis
685 1325 871 1367 secundi
897 1324 1126 1367 Jeremiae
1166 1324 1363 1382 exponit.
1422 1326 1470 1367 In
1500 1337 1586 1368 un-

165 1408 343 1452 decima
382 1409 556 1466 apertis
593 1408 748 1451 verbis
789 1421 838 1450 se
875 1408 1200 1464 presbyterum
1229 1409 1481 1466 profitetur.
1539 1411 1588 1453 In

166 1498 327 1548 quarta
367 1506 470 1535 eum
508 1506 599 1536 non
639 1506 742 1536 esse
790 1492 900 1535 dicit
940 1491 985 1534 in
1035 1492 1305 1536 Christianis
1345 1493 1588 1546 fervorem,

166 1590 256 1632 quo
302 1580 674 1634 persecutionum
721 1583 933 1635 tempore
986 1577 1231 1620 ardebant:
1289 1580 1408 1621 unde
1455 1579 1590 1622 facile

165 1661 412 1718 colligitur,
444 1664 525 1706 has
554 1662 768 1706 homilias
800 1661 1018 1706 recitatas
1047 1661 1190 1705 fuisse
1219 1664 1349 1719 pacis
1379 1669 1588 1722 tempore

165 1751 275 1804 post
305 1760 466 1790 annum
495 1748 593 1793 245.

278 1834 424 1888 Atque
454 1830 569 1874 haec
600 1831 782 1888 quidem
811 1832 1009 1875 Ruaeus.

251 1916 517 1959 Scribebam
545 1911 819 1973 Vitebergae
849 1916 922 1961 die
948 1915 1152 1960 XXVIII.
1181 1915 1354 1962 mensis
1384 1916 1588 1960 Januarii

165 2002 270 2045 anni
301 2002 670 2046 MDCCCXLIII.

786 2176 1047 2226 Eduardus
1085 2175 1445 2226 Lommatzsch.
