1734 3112
673 114 814 153 LmER
844 112 920 154 III.
1454 118 1505 164 41

89 229 222 269 detur.
273 226 327 267 Et
357 240 519 266 rursum
552 241 647 266 cum
676 224 719 266 in
751 240 853 281 pace
883 224 1067 281 proficit,
1098 237 1139 266 et
1170 226 1210 267 in
1241 227 1324 268 fide
1355 247 1401 271 ac
1429 233 1507 273 bo-

88 304 150 346 nis
183 304 381 361 operibus
409 302 556 353 floret,
595 319 790 359 praesens
822 303 860 344 ei
902 320 989 345 csse
1028 303 1287 357 intelligitur.
1350 308 1434 349 Sed
1466 322 1508 351 et

88 382 244 432 anima,
285 398 378 423 cum
411 379 573 437 quaerit
603 379 787 436 aliquem
818 398 984 423 sensum
1003 381 1066 438 ¹),
1105 393 1144 423 ct
1176 399 1399 436 agnoscere
1432 388 1507 428 ob-

88 476 204 501 scura
233 475 422 516 quaeque
456 469 497 499 et
527 475 674 501 areana
706 459 937 510 desiderat,
981 459 1173 515 donecQ)
1204 461 1392 504 invenire
1421 480 1507 507 non

86 547 248 594 potest,
287 538 433 579 absens
474 535 511 577 ei
542 536 629 578 sine
660 521 791 578 dubio
825 549 884 579 est
917 538 1094 579 verbum
1123 538 1220 580 Dei.
1280 539 1365 581 Ubi
1407 559 1508 584 vero

89 614 341 665 occurrerit,
392 626 432 656 et
472 614 714 670 apparuerit
755 615 870 672 quod
909 614 1163 671 requiritur,
1215 616 1306 672 quis
1349 618 1511 662 dubitat

86 692 228 733 adesse
266 693 441 734 verbum
472 691 578 743 Dei,
624 704 664 733 et
704 692 943 734 illuminare
975 705 1182 745 mentem,
1228 711 1275 736 ac
1313 696 1511 740 scientiae

85 770 226 811 lumen
260 769 297 811 ei
327 769 561 826 praebere?
612 770 667 811 Et
696 770 849 811 iterum
881 771 1058 813 subduci
1089 771 1210 814 nobis
1244 789 1353 824 eum,
1385 787 1511 833 atque

83 846 234 889 iterum
270 847 434 899 adesse,
465 846 664 888 sentimus
692 864 772 903 per
800 847 981 900 singula,
1011 864 1117 905 quae
1148 861 1218 891 aut
1249 851 1509 908 aperiuntur,

82 937 152 966 aut
184 925 436 966 clauduntur
471 925 513 966 in
550 926 736 967 sensibus
766 925 931 966 nostris.
992 925 1048 966 Et
1078 927 1160 968 hoc
1191 943 1241 968 eo
1274 946 1405 986 usque
1434 947 1510 987 pa-

82 1002 222 1055 timur,
254 1004 389 1045 donec
418 1003 523 1044 tales
555 1003 811 1054 efficiamur,
840 1015 887 1045 ut
916 1019 1002 1045 non
1033 1004 1174 1047 solum
1204 1006 1384 1049 revisere
1413 1025 1506 1062 nos,

82 1082 154 1122 sed
186 1092 227 1122 et
256 1097 427 1123 manere
457 1080 652 1134 dignetur
682 1082 794 1137 apud
829 1097 928 1132 nos,
968 1084 1200 1124 secundum
1233 1087 1349 1141 quod
1380 1085 1510 1128 inter·

82 1171 246 1213 rogatus
286 1176 308 1201 a
338 1161 522 1217 quodam
560 1159 794 1215 discipulo,
833 1159 1020 1201 dicente:
1062 1161 1368 1221 „Domine³),
1409 1164 1511 1222 quid

83 1248 143 1278 est
172 1238 353 1288 factum,
397 1238 513 1294 quod
551 1236 702 1294 incipis
730 1237 855 1278 nobis
883 1237 1149 1280 manifestare
1191 1251 1324 1283 temet
1357 1241 1510 1298 ipsum,

82 1327 124 1356 et
153 1331 238 1356 non
269 1314 367 1356 huic
397 1314 625 1357 mundo?“
658 1315 879 1372 respondit
910 1315 1127 1357 Salvator:
1169 1316 1237 1368 „si
1253 1318 1295 1374 ⁴)
1327 1318 1419 1375 quis
1450 1320 1512 1362 di-

82 1391 174 1445 ligit
201 1408 284 1443 me,
316 1393 493 1434 verbum
524 1409 667 1434 meum
699 1392 905 1443 custodit,
938 1404 979 1433 et
1011 1406 1132 1449 pater
1160 1410 1278 1436 meus
1309 1395 1511 1454 diliget⁵)

84 1487 192 1519 eum,
226 1481 267 1510 et
297 1471 349 1511 ad
379 1469 521 1526 ipsum
550 1468 779 1519 veniemus,
816 1481 857 1510 et
885 1470 1145 1512 mansionem
1177 1474 1290 1528 apud
1322 1490 1419 1516 eum
1449 1477 1509 1517 fa-

85 1547 288 1589 ciemus.“
349 1546 395 1589 Si
439 1562 536 1599 ergo
579 1557 620 1586 et
656 1562 734 1588 nos
782 1547 979 1589 volumus
1018 1548 1162 1591 videre
1210 1552 1385 1593 verbum
1424 1554 1510 1596 Dei

82 1636 208 1681 atque
237 1622 398 1665 animae
429 1639 646 1680 sponsum,
678 1625 897 1667 salientem
927 1641 1054 1684 super
1081 1640 1271 1678 montes,
1304 1640 1346 1670 et
1376 1630 1510 1671 exsul-

82 1713 237 1743 tantem
267 1717 393 1758 super
425 1701 570 1751 colles,
602 1701 742 1757 primo
774 1704 991 1746 audiamus
1011 1721 1163 1746 vocem
1196 1705 1304 1765 ejus:
1338 1718 1380 1748 et
1411 1724 1505 1750 cum

78 1777 332 1821 audierimus
362 1795 458 1820 eum
489 1778 531 1820 in
564 1777 782 1831 omnibuS,
827 1793 928 1823 tunc
968 1782 1095 1825 etiam
1127 1800 1225 1826 eum
1255 1784 1400 1827 videre
1429 1803 1510 1843 po-

77 1856 264 1907 terimus,
293 1857 526 1899 secundum
557 1873 625 1907 ea,
668 1873 773 1914 quae
803 1858 845 1900 in
876 1861 1086 1916 praesenti
1118 1862 1218 1904 loco
1248 1861 1403 1904 vidisse
1434 1865 1511 1906 de-

76 1934 273 1976 scribitur
300 1951 465 1991 sponsa.
526 1935 635 1975 Nam
668 1946 709 1976 et
739 1935 827 1992 ipsa
858 1937 1048 1994 quamvis
1081 1951 1122 1981 et
1150 1940 1267 1997 prius
1307 1957 1404 1983 eum
1444 1942 1509 1984 vi-

77 2012 197 2063 derit,
228 2029 312 2055 non
343 2028 440 2054 eum
470 2024 611 2054 tamen
643 2011 700 2054 ita
729 2013 904 2066 viderat,
934 2028 981 2057 ut
1004 2033 1114 2059 nunc
1139 2018 1357 2062 salientem
1380 2037 1507 2078 super

75 2102 240 2133 montes
280 2103 321 2132 et
361 2090 623 2133 exsilientem
671 2107 798 2149 super
829 2093 984 2146 eolles,
1028 2111 1167 2152 neque
1198 2113 1277 2153 per
1306 2099 1507 2142 fenestras

76 2186 166 2211 suas
195 2169 570 2226 procumbentem,
612 2185 750 2227 neque
778 2187 856 2228 per
897 2171 1002 2216 retia
1036 2173 1390 2230 prospicientem,
1430 2178 1505 2220 sed

76 2246 204 2300 magis
240 2247 429 2298 videtur,
476 2247 591 2304 quod
631 2247 747 2304 prius
786 2247 938 2290 hiemis
981 2262 1176 2308 tempore
1208 2268 1304 2294 eum
1336 2253 1505 2298 viderit.

75 2325 196 2366 Nunc
211 2324 254 2380 6)
287 2325 399 2367 enim
436 2324 623 2381 primum
662 2325 766 2368 dicit
805 2325 865 2368 ei:
906 2327 1098 2385 „quia⁷)
1127 2328 1261 2372 hiems
1292 2330 1464 2384 transiit.
1477 2337 1504 2358 “

194 2464 234 2518 ¹)
267 2464 374 2506 Edd.
406 2467 466 2508 M.
500 2484 701 2519 „sensum
731 2483 977 2523 agnoscere:
1011 2471 1226 2511 obscura“
1259 2483 1336 2514 etc.

192 2534 234 2591 ²)
265 2534 373 2575 Edd.
406 2537 467 2578 Μ.
499 2550 569 2588 „et
599 2540 777 2581 donec.“
897 2539 939 2596 ³)
967 2539 1042 2581 Ev.
1075 2542 1226 2583 Joann.
1259 2543 1371 2593 XIV,
1401 2543 1468 2587 22.

193 2603 234 2660 ⁴)
268 2604 354 2646 Cfr.
397 2622 459 2647 ev.
496 2607 646 2651 Joann.
679 2610 793 2662 XIV,
827 2610 896 2655 23.
928 2636 980 2644 --
1010 2610 1089 2653 Ed.
1122 2611 1281 2654 Ruaei:
1316 2612 1386 2665 „si
1423 2613 1499 2670 qui

78 2660 252 2714 diligit“
284 2673 362 2702 etc.

193 2732 236 2788 ⁵)
265 2731 375 2773 Edd.
412 2733 471 2774 M.
504 2733 728 2788 „diligit.“

190 2802 234 2858 ⁶)
263 2802 372 2846 Edd.
402 2804 462 2845 M.
495 2805 653 2855 „Nunc
683 2805 794 2848 enim
824 2807 946 2849 dicit:
981 2807 1078 2865 quia
1090 2814 1114 2834 “
1146 2819 1223 2849 etc.

194 2871 235 2927 ⁷)
267 2871 424 2915 Cantic.
458 2874 514 2925 II,
546 2873 612 2918 11.
