1763 3112
0 2429 2 2522 k

0 2528 3 2582 ¹

575 88 771 131 Honmm
809 89 926 131 XXI.
1370 88 1453 134 415

40 219 144 259 quae
175 202 254 243 alia
284 201 377 243 talis
410 200 487 241 erit
517 212 563 242 ut
593 201 815 259 Babylon?
844 203 1043 242 Attamen
1073 215 1209 256 neque
1232 199 1353 240 istam
1385 201 1457 242 de-

38 281 161 336 spicit
189 281 319 321 Deus.
379 278 593 335 Praecipit
624 279 736 320 enim
774 278 950 319 medicis
980 279 1120 329 Deus,
1163 289 1210 318 ut
1251 278 1457 333 accipiant

37 358 216 399 resinam
245 373 372 413 super
386 355 667 414 Babylonem,
698 356 733 397 si
764 373 848 413 quo
880 357 1011 397 modo
1044 366 1221 397 sanetur.
1270 354 1457 409 Quidam

39 435 165 487 igitur
197 451 358 485 eorum,
391 434 463 490 qui
492 436 734 476 mandatum
766 446 1034 490 acceperant,
1076 433 1326 490 accipientes
1358 433 1458 474 resi-

37 529 131 553 nam
166 512 443 568 correptionis
468 513 507 569 ¹)
536 511 790 570 Babylonis,
831 512 865 553 si
907 528 989 568 quo
1022 513 1153 553 modo
1187 524 1365 561 sanetur,
1396 512 1458 552 fe-

39 601 206 640 cerunt,
250 589 363 645 quod
396 590 531 630 fuerat
562 590 828 646 imperatum,
858 601 1109 646 receperunt
1125 591 1165 646 2)
1198 590 1376 631 resinam
1407 590 1459 630 ad

39 667 354 723 eorreptionem
394 668 504 726 ejus,
551 668 765 710 audientes
795 684 919 725 posse
950 668 1065 719 fieri,
1097 679 1143 709 ut
1171 667 1366 726 Babylon
1394 684 1460 708 re-

38 744 197 801 ciperet
228 745 459 793 sanitatem,
517 747 573 788 Et
604 746 712 803 quia,
746 748 861 804 quod
890 757 1158 803 putaverunt,
1187 762 1272 787 non
1305 747 1458 788 effece-

37 835 154 864 runt:
187 847 239 853 —
268 824 463 883 Babylon
496 824 652 882 quippe
690 825 733 865 iu
774 824 950 881 pristina
988 824 1147 865 malitia
1176 841 1460 880 perseverans,

37 901 176 943 noluit
204 919 246 944 se
278 904 414 945 curari
445 920 517 945 -ε
558 901 815 944 satisfaciunt
852 902 957 943 boni
996 902 1178 953 medici,
1222 914 1262 943 et
1292 903 1459 944 dicunt:

38 980 299 1030 „curavimus
318 982 359 1038 3)
391 981 668 1039 Babylonem,
701 992 742 1022 et
770 996 858 1021 non
889 992 950 1021 est
980 992 1141 1022 sanata:
1173 980 1460 1038 relinquamus

39 1064 172 1100 eam.“
229 1059 338 1102 Vide
369 1070 509 1100 autem
539 1059 692 1109 homo,
732 1075 784 1099 ne
827 1058 992 1115 quando
1035 1057 1191 1111 angelis
1229 1058 1464 1114 praecipiat

38 1136 169 1188 Deus,
206 1149 253 1178 ut
293 1139 345 1179 ad
384 1137 630 1191 languorem
671 1137 833 1179 animae
871 1149 968 1179 tuae
1007 1135 1337 1177 medicaminum
1377 1153 1464 1177 em-

38 1215 196 1271 plastra
225 1215 460 1267 conficiant,
494 1220 528 1257 si
560 1233 643 1273 quo
675 1216 807 1257 modo
838 1214 973 1271 possis
1005 1215 1056 1255 ab
1082 1213 1368 1267 aegrotatione
1397 1231 1461 1256 sa-

38 1292 150 1345 nari,
190 1304 230 1334 et
258 1294 541 1350 respondeant
580 1293 739 1347 angeli:
786 1291 1050 1344 „curavimus
1066 1290 1107 1349 ¹²)
1145 1291 1462 1352 Babylonem:“

39 1369 162 1412 istam
192 1370 458 1412 ostendentes
499 1388 522 1412 a
559 1369 823 1428 passionibus
867 1368 1084 1410 confusamv
1114 1369 1293 1411 animam
1323 1382 1461 1412 tuam:

41 1449 167 1506 ,βε-ἦ)
198 1465 285 1490 non
317 1460 377 1490 est
407 1455 587 1490 sanata.“
644 1450 743 1491 Non
772 1446 990 1488 scientiam
1028 1445 1125 1487 artis
1167 1464 1286 1499 suae,
1325 1464 1463 1505 neque

40 1527 199 1569 resinae
231 1526 316 1567 vim
349 1526 631 1578 criminantur,
663 1527 738 1568 sed
768 1538 823 1575 te,
857 1524 928 1581 qui
943 1524 1180 1580 praeceptis
1209 1540 1356 1567 eorum
1388 1527 1464 1567 ob-

40 1605 159 1662 sequi
183 1604 370 1655 noluisti,
403 1604 611 1646 dicentes:
644 1603 906 1655 „curavimus
925 1603 966 1659 6)
997 1602 1277 1660 Babylonem,
1313 1616 1353 1645 et
1376 1621 1464 1646 non

43 1694 103 1724 est
132 1694 289 1724 sanata:
321 1681 606 1738 relinquamus
637 1687 769 1723 eam.“
830 1682 1046 1724 Steterunt
1085 1681 1241 1722 medici
1271 1684 1348 1724 sub
1378 1699 1465 1724 ma-

42 1776 122 1814 gno
152 1760 321 1802 medico
354 1759 489 1813 angeli
518 1758 616 1810 Dei,
647 1759 838 1800 volentes
871 1775 1014 1800 curare
1046 1759 1358 1802 imbecillitates
1387 1777 1465 1802 no—

42 1849 156 1890 stras,
187 1838 379 1879 volentes
412 1836 592 1878 animam
623 1837 802 1879 liberare
834 1838 884 1878 de
916 1836 1048 1887 vitiis,
1078 1837 1153 1878 sed
1183 1854 1259 1879 nos
1289 1838 1371 1894 ipsi
1401 1855 1465 1879 re-

41 1915 240 1972 pellimus
271 1931 357 1966 eos,
389 1916 491 1957 dum
522 1913 708 1956 consiliis
738 1931 886 1956 eorum
917 1931 1004 1956 non
1030 1915 1345 1972 acquiescimus.
1392 1916 1465 1959 Vi-

43 1994 144 2035 dent
173 2009 215 2035 se
248 2009 421 2050 operam
450 1994 652 2049 perdere,
698 2009 794 2034 cum
823 1993 1058 2051 loquimtur
1088 1993 1293 2046 invicem,
1335 2006 1375 2035 et
1405 1994 1468 2035 di-

44 2083 165 2112 cunt:
215 2070 526 2128 „relinquamus
547 2071 587 2128 ⁷)
631 2087 745 2122 eam,
794 2082 834 2112 et
871 2073 1067 2113 abeamus
1105 2071 1391 2128 unusquisque
1422 2071 1466 2112 in

45 2159 197 2190 terram
228 2155 387 2190 suam.“
446 2149 542 2190 Hoc
575 2161 659 2201 est,
702 2148 858 2191 credita
897 2150 1019 2191 nobis
1065 2161 1125 2191 est
1155 2166 1176 2190 a
1204 2148 1301 2191 Deo
1332 2149 1468 2191 medi-

165 2372 206 2429 ¹)
237 2371 348 2414 Edd.
379 2371 441 2412 M.
474 2383 515 2412 et
543 2373 593 2414 R.
633 2373 716 2415 hoc
756 2374 881 2425 loco,
933 2375 1004 2417 cfr.
1045 2390 1137 2430 pag.
1167 2374 1263 2419 414.
1308 2386 1395 2418 not.
1426 2374 1468 2421 2.

47 2427 147 2469 coll.
178 2445 220 2485 p.
252 2428 348 2472 414.
380 2439 468 2469 not.
501 2428 538 2472 1.
570 2430 900 2487 ,‚correptioni.“

163 2500 206 2557 2)
236 2498 347 2541 Edd.
378 2498 439 2541 Μ.
471 2507 787 2556 „repererunt.“

164 2570 207 2626 ³)
237 2569 395 2612 Jerem.
425 2570 496 2622 LI,
527 2570 565 2614 9.

161 2640 205 2696 ⁴)
235 2640 391 2681 Jerem.
422 2639 493 2690 LI,
523 2639 562 2683 9.

166 2709 208 2767 ⁵)
242 2711 400 2751 Jerem.
433 2710 504 2761 Ll,
537 2708 578 2754 9.

164 2779 208 2836 ⁶)
240 2780 397 2822 Jerem.
429 2778 499 2830 LI,
529 2779 568 2822 9.

168 2848 210 2906 7)
239 2849 397 2892 Jerem.
426 2848 497 2899 LI,
529 2847 566 2892 9.
