<?xml version="1.0" encoding="UTF-8"?>
<!DOCTYPE html PUBLIC "-//W3C//DTD XHTML 1.0 Transitional//EN"
    "http://www.w3.org/TR/xhtml1/DTD/xhtml1-transitional.dtd">
<html xmlns="http://www.w3.org/1999/xhtml" xml:lang="en" lang="en">
 <head>
  <title>
</title>
<meta http-equiv="Content-Type" content="text/html;charset=utf-8" />
  <meta name='ocr-system' content='tesseract 3.04.00' />
  <meta name='ocr-capabilities' content='ocr_page ocr_carea ocr_par ocr_line ocrx_word'/>
</head>
<body>
  <div class='ocr_page' id='page_1' title='image "./operaomniaquaegr15orig/operaomniaquaegr15orig_0278.png"; bbox 0 0 1763 3112; ppageno 0'>
   <div class='ocr_carea' id='block_1_1' title="bbox 217 18 1204 63">
    <p class='ocr_par' dir='ltr' id='par_1_1' title="bbox 217 18 1204 63">
     <span class='ocr_line' id='line_1_1' title="bbox 217 18 1204 63; baseline -0.001 0"><span class='ocrx_word' id='word_1_1' title='bbox 217 18 301 63; x_wconf 80' lang='lat'><em>264</em></span> <span class='ocrx_word' id='word_1_2' title='bbox 642 21 863 63; x_wconf 72' lang='lat' dir='ltr'><strong>Ommzms</strong></span> <span class='ocrx_word' id='word_1_3' title='bbox 898 34 943 63; x_wconf 79' lang='lat' dir='ltr'><em>lN</em></span> <span class='ocrx_word' id='word_1_4' title='bbox 966 21 992 62; x_wconf 89' lang='lat' dir='ltr'><strong>J</strong></span> <span class='ocrx_word' id='word_1_5' title='bbox 995 31 1204 63; x_wconf 61' lang='lat' dir='ltr'><strong>summum</strong></span> 
     </span>
    </p>
   </div>
   <div class='ocr_carea' id='block_1_2' title="bbox 218 129 1658 2036">
    <p class='ocr_par' dir='ltr' id='par_1_2' title="bbox 218 129 1657 1422">
     <span class='ocr_line' id='line_1_2' title="bbox 218 129 1638 190; baseline 0.004 -17"><span class='ocrx_word' id='word_1_6' title='bbox 218 130 388 186; x_wconf 80' lang='grc' dir='ltr'><em>Ἰησοῦς</em></span> <span class='ocrx_word' id='word_1_7' title='bbox 426 129 621 190; x_wconf 83' lang='grc' dir='ltr'><em>Χριστὸς</em></span> <span class='ocrx_word' id='word_1_8' title='bbox 668 132 719 177; x_wconf 79' lang='grc' dir='ltr'><em>ἐν</em></span> <span class='ocrx_word' id='word_1_9' title='bbox 765 131 937 190; x_wconf 77' lang='grc' dir='ltr'><em>ἑκάστῳ</em></span> <span class='ocrx_word' id='word_1_10' title='bbox 981 134 1072 175; x_wconf 91' lang='grc' dir='ltr'><em>τῶν</em></span> <span class='ocrx_word' id='word_1_11' title='bbox 1109 129 1355 190; x_wconf 85' lang='grc' dir='ltr'><em>μαρτύρων</em></span> <span class='ocrx_word' id='word_1_12' title='bbox 1399 133 1638 185; x_wconf 79' lang='grc' dir='ltr'><em>δικάζεται.</em></span> 
     </span>
     <span class='ocr_line' id='line_1_3' title="bbox 222 206 1640 269; baseline 0.003 -18"><span class='ocrx_word' id='word_1_13' title='bbox 222 206 374 258; x_wconf 82' lang='grc' dir='ltr'><em>Αὐτὸς</em></span> <span class='ocrx_word' id='word_1_14' title='bbox 399 206 490 266; x_wconf 79' lang='grc' dir='ltr'><em>γάρ</em></span> <span class='ocrx_word' id='word_1_15' title='bbox 520 210 641 253; x_wconf 73' lang='grc' dir='ltr'><em>ἔστιν</em></span> <span class='ocrx_word' id='word_1_16' title='bbox 672 208 694 253; x_wconf 85' lang='grc' dir='ltr'>ὁ</span> <span class='ocrx_word' id='word_1_17' title='bbox 727 209 777 253; x_wconf 73' lang='grc' dir='ltr'><em>ἐν</em></span> <span class='ocrx_word' id='word_1_18' title='bbox 806 214 899 259; x_wconf 86' lang='grc' dir='ltr'><em>τοῖς</em></span> <span class='ocrx_word' id='word_1_19' title='bbox 928 206 1127 267; x_wconf 78' lang='grc' dir='ltr'><em>μάρτυσι</em></span> <span class='ocrx_word' id='word_1_20' title='bbox 1156 211 1206 269; x_wconf 79' lang='grc' dir='ltr'><em>τῇ</em></span> <span class='ocrx_word' id='word_1_21' title='bbox 1240 208 1429 265; x_wconf 76' lang='grc' dir='ltr'><em>ἀληθείᾳ</em></span> <span class='ocrx_word' id='word_1_22' title='bbox 1459 210 1640 262; x_wconf 79' lang='grc' dir='ltr'><em>δικαζό-</em></span> 
     </span>
     <span class='ocr_line' id='line_1_4' title="bbox 223 284 1643 347; baseline 0 -17"><span class='ocrx_word' id='word_1_23' title='bbox 223 299 384 341; x_wconf 83' lang='grc' dir='ltr'><em>μενος·</em></span> <span class='ocrx_word' id='word_1_24' title='bbox 415 288 491 330; x_wconf 88' lang='grc' dir='ltr'><em>καὶ</em></span> <span class='ocrx_word' id='word_1_25' title='bbox 521 289 652 330; x_wconf 85' lang='grc' dir='ltr'><em>τοῦτο</em></span> <span class='ocrx_word' id='word_1_26' title='bbox 682 284 908 347; x_wconf 77' lang='grc' dir='ltr'>πεισθήσῃ</span> <span class='ocrx_word' id='word_1_27' title='bbox 947 287 1320 344; x_wconf 72' lang='grc' dir='ltr'><em>παραδέξασθαι,</em></span> <span class='ocrx_word' id='word_1_28' title='bbox 1362 289 1543 342; x_wconf 79' lang='grc' dir='ltr'><em>βλέπων</em></span> <span class='ocrx_word' id='word_1_29' title='bbox 1573 285 1643 332; x_wconf 82' lang='grc' dir='ltr'><em>ὅτι</em></span> 
     </span>
     <span class='ocr_line' id='line_1_5' title="bbox 229 355 1641 425; baseline 0.001 -19"><span class='ocrx_word' id='word_1_30' title='bbox 229 360 283 406; x_wconf 82' lang='grc' dir='ltr'><em>οὗ</em></span> <span class='ocrx_word' id='word_1_31' title='bbox 314 365 367 406; x_wconf 89' lang='grc' dir='ltr'><em>σέ</em></span> <span class='ocrx_word' id='word_1_32' title='bbox 392 376 535 420; x_wconf 77' lang='grc' dir='ltr'><em>φησιν</em></span> <span class='ocrx_word' id='word_1_33' title='bbox 573 360 690 407; x_wconf 85' lang='grc' dir='ltr'><em>εἶναι</em></span> <span class='ocrx_word' id='word_1_34' title='bbox 730 364 780 407; x_wconf 72' lang='grc' dir='ltr'><em>ἐν</em></span> <span class='ocrx_word' id='word_1_35' title='bbox 811 367 1014 425; x_wconf 72' lang='grc' dir='ltr'><em>φυλακῇ,</em></span> <span class='ocrx_word' id='word_1_36' title='bbox 1058 361 1168 406; x_wconf 81' lang='grc' dir='ltr'><em>ὅταν</em></span> <span class='ocrx_word' id='word_1_37' title='bbox 1197 362 1252 407; x_wconf 79' lang='grc' dir='ltr'><em>σι)</em></span> <span class='ocrx_word' id='word_1_38' title='bbox 1285 355 1334 424; x_wconf 74' lang='grc' dir='ltr'><em>ᾖς</em></span> <span class='ocrx_word' id='word_1_39' title='bbox 1367 364 1417 407; x_wconf 76' lang='grc' dir='ltr'><em>ἓν</em></span> <span class='ocrx_word' id='word_1_40' title='bbox 1447 367 1641 424; x_wconf 72' lang='grc' dir='ltr'><em>φυλακῇ,</em></span> 
     </span>
     <span class='ocr_line' id='line_1_6' title="bbox 227 437 1644 497; baseline 0.002 -16"><span class='ocrx_word' id='word_1_41' title='bbox 227 437 318 482; x_wconf 78' lang='grc' dir='ltr'><em>ἀλλ’</em></span> <span class='ocrx_word' id='word_1_42' title='bbox 351 437 533 484; x_wconf 79' lang='grc' dir='ltr'><em>ἑαυτόν·</em></span> <span class='ocrx_word' id='word_1_43' title='bbox 564 439 617 483; x_wconf 81' lang='grc' dir='ltr'><em>οὗ</em></span> <span class='ocrx_word' id='word_1_44' title='bbox 649 440 698 483; x_wconf 84' lang='grc' dir='ltr'><em>σὲ</em></span> <span class='ocrx_word' id='word_1_45' title='bbox 727 443 967 494; x_wconf 80' lang='grc' dir='ltr'><em>πεινῶντα,</em></span> <span class='ocrx_word' id='word_1_46' title='bbox 1001 438 1111 484; x_wconf 80' lang='grc' dir='ltr'><em>ὅταν</em></span> <span class='ocrx_word' id='word_1_47' title='bbox 1134 439 1188 483; x_wconf 87' lang='grc' dir='ltr'><em>σὺ</em></span> <span class='ocrx_word' id='word_1_48' title='bbox 1217 443 1390 497; x_wconf 80' lang='grc' dir='ltr'><em>πεινᾷς,</em></span> <span class='ocrx_word' id='word_1_49' title='bbox 1421 439 1515 482; x_wconf 77' lang='grc' dir='ltr'><em>ἀλλ’</em></span> <span class='ocrx_word' id='word_1_50' title='bbox 1535 441 1644 484; x_wconf 85' lang='grc' dir='ltr'><em>ἑαυ-</em></span> 
     </span>
     <span class='ocr_line' id='line_1_7' title="bbox 227 513 1643 577; baseline 0.001 -18"><span class='ocrx_word' id='word_1_51' title='bbox 227 514 323 560; x_wconf 89' lang='grc' dir='ltr'><em>τόν·</em></span> <span class='ocrx_word' id='word_1_52' title='bbox 357 516 409 561; x_wconf 84' lang='grc' dir='ltr'><em>οὐ</em></span> <span class='ocrx_word' id='word_1_53' title='bbox 441 518 488 561; x_wconf 77' lang='grc' dir='ltr'><em>σὲ</em></span> <span class='ocrx_word' id='word_1_54' title='bbox 519 518 744 572; x_wconf 81' lang='grc' dir='ltr'><em>διψῶντα,</em></span> <span class='ocrx_word' id='word_1_55' title='bbox 777 517 870 560; x_wconf 81' lang='grc' dir='ltr'><em>ἀλλ’</em></span> <span class='ocrx_word' id='word_1_56' title='bbox 905 516 1098 562; x_wconf 82' lang='grc' dir='ltr'><em>ἑαυτόν·</em></span> <span class='ocrx_word' id='word_1_57' title='bbox 1132 516 1274 572; x_wconf 73' lang='grc' dir='ltr'><em>,,ἔν“)</em></span> <span class='ocrx_word' id='word_1_58' title='bbox 1302 519 1482 577; x_wconf 78' lang='grc' dir='ltr'><em>φυλακῇ</em></span> <span class='ocrx_word' id='word_1_59' title='bbox 1506 513 1643 576; x_wconf 76' lang='grc' dir='ltr'><em>ἥμην,</em></span> 
     </span>
     <span class='ocr_line' id='line_1_8' title="bbox 228 590 1646 652; baseline 0.001 -16"><span class='ocrx_word' id='word_1_60' title='bbox 228 595 306 636; x_wconf 85' lang='grc' dir='ltr'><em>καὶ</em></span> <span class='ocrx_word' id='word_1_61' title='bbox 334 590 491 648; x_wconf 77' lang='grc' dir='ltr'><em>ἤλθετε</em></span> <span class='ocrx_word' id='word_1_62' title='bbox 521 590 635 651; x_wconf 79' lang='grc' dir='ltr'><em>πρὸς</em></span> <span class='ocrx_word' id='word_1_63' title='bbox 662 596 735 648; x_wconf 83' lang='grc' dir='ltr'><em>με’.</em></span> <span class='ocrx_word' id='word_1_64' title='bbox 793 593 1040 650; x_wconf 84' lang='grc' dir='ltr'><em>Ἐπείνων,</em></span> <span class='ocrx_word' id='word_1_65' title='bbox 1075 596 1152 638; x_wconf 89' lang='grc' dir='ltr'><em>καὶ</em></span> <span class='ocrx_word' id='word_1_66' title='bbox 1181 592 1410 638; x_wconf 86' lang='grc' dir='ltr'><em>δεδώκατέ</em></span> <span class='ocrx_word' id='word_1_67' title='bbox 1434 611 1515 651; x_wconf 90' lang='grc' dir='ltr'><em>μοι</em></span> <span class='ocrx_word' id='word_1_68' title='bbox 1547 611 1646 652; x_wconf 82' lang='grc' dir='ltr'><em>φα-</em></span> 
     </span>
     <span class='ocr_line' id='line_1_9' title="bbox 227 668 1649 730; baseline 0.001 -16"><span class='ocrx_word' id='word_1_69' title='bbox 227 674 350 724; x_wconf 79' lang='grc' dir='ltr'><em>γεῖν·</em></span> <span class='ocrx_word' id='word_1_70' title='bbox 396 670 598 726; x_wconf 72' lang='grc' dir='ltr'><em>ἐδίψων,</em></span> <span class='ocrx_word' id='word_1_71' title='bbox 641 673 719 712; x_wconf 90' lang='grc' dir='ltr'><em>καὶ</em></span> <span class='ocrx_word' id='word_1_72' title='bbox 750 670 992 716; x_wconf 73' lang='grc' dir='ltr'><em>ἐποτίσατέ</em></span> <span class='ocrx_word' id='word_1_73' title='bbox 1016 673 1125 730; x_wconf 81' lang='grc' dir='ltr'><em>με.“</em></span> <span class='ocrx_word' id='word_1_74' title='bbox 1187 670 1367 715; x_wconf 82' lang='grc' dir='ltr'><em>Οὐκοῦν</em></span> <span class='ocrx_word' id='word_1_75' title='bbox 1395 668 1482 715; x_wconf 78' lang='grc' dir='ltr'><em>κᾶν</em></span> <span class='ocrx_word' id='word_1_76' title='bbox 1513 669 1649 715; x_wconf 77' lang='grc' dir='ltr'><em>δικά-</em></span> 
     </span>
     <span class='ocr_line' id='line_1_10' title="bbox 229 744 1650 807; baseline 0 -17"><span class='ocrx_word' id='word_1_77' title='bbox 229 749 349 801; x_wconf 85' lang='grc' dir='ltr'><em>ζηται</em></span> <span class='ocrx_word' id='word_1_78' title='bbox 394 745 690 807; x_wconf 82' lang='grc' dir='ltr'><em>Χριστιανὸς,</em></span> <span class='ocrx_word' id='word_1_79' title='bbox 742 747 794 791; x_wconf 85' lang='grc' dir='ltr'><em>οὐ</em></span> <span class='ocrx_word' id='word_1_80' title='bbox 841 747 896 791; x_wconf 77' lang='grc' dir='ltr'><em>δι’</em></span> <span class='ocrx_word' id='word_1_81' title='bbox 945 744 1054 794; x_wconf 72' lang='grc' dir='ltr'><em>ι’ἔλλο</em></span> <span class='ocrx_word' id='word_1_82' title='bbox 1097 766 1162 804; x_wconf 90' lang='grc' dir='ltr'><em>τι,</em></span> <span class='ocrx_word' id='word_1_83' title='bbox 1216 748 1269 792; x_wconf 87' lang='grc' dir='ltr'><em>οὐ</em></span> <span class='ocrx_word' id='word_1_84' title='bbox 1311 746 1388 791; x_wconf 80' lang='grc' dir='ltr'><em>διὰ</em></span> <span class='ocrx_word' id='word_1_85' title='bbox 1424 746 1502 797; x_wconf 79' lang='grc' dir='ltr'><em>τὰς</em></span> <span class='ocrx_word' id='word_1_86' title='bbox 1530 748 1650 797; x_wconf 75' lang='grc' dir='ltr'><em>ἰδίας</em></span> 
     </span>
     <span class='ocr_line' id='line_1_11' title="bbox 229 821 1649 883; baseline 0.001 -17"><span class='ocrx_word' id='word_1_87' title='bbox 229 822 475 882; x_wconf 77' lang='grc' dir='ltr'><em>ἁμαρτίας,</em></span> <span class='ocrx_word' id='word_1_88' title='bbox 521 823 612 867; x_wconf 80' lang='grc' dir='ltr'><em>ἀλλ’</em></span> <span class='ocrx_word' id='word_1_89' title='bbox 662 821 729 867; x_wconf 85' lang='grc' dir='ltr'><em>ὅτι</em></span> <span class='ocrx_word' id='word_1_90' title='bbox 770 824 1044 882; x_wconf 89' lang='grc' dir='ltr'><em>Χριστιανός</em></span> <span class='ocrx_word' id='word_1_91' title='bbox 1081 827 1197 881; x_wconf 73' lang='grc' dir='ltr'><em>ἐστι,</em></span> <span class='ocrx_word' id='word_1_92' title='bbox 1245 822 1443 883; x_wconf 85' lang='grc' dir='ltr'><em>Χριστός</em></span> <span class='ocrx_word' id='word_1_93' title='bbox 1472 825 1595 868; x_wconf 74' lang='grc' dir='ltr'><em>ἐστιν</em></span> <span class='ocrx_word' id='word_1_94' title='bbox 1625 822 1649 868; x_wconf 89' lang='grc' dir='ltr'>ὁ</span> 
     </span>
     <span class='ocr_line' id='line_1_12' title="bbox 229 893 1651 964; baseline 0.001 -20"><span class='ocrx_word' id='word_1_95' title='bbox 229 899 535 960; x_wconf 88' lang='grc' dir='ltr'><em>δικαζόμενος.</em></span> <span class='ocrx_word' id='word_1_96' title='bbox 606 900 685 944; x_wconf 80' lang='grc' dir='ltr'><em>Ἐν</em></span> <span class='ocrx_word' id='word_1_97' title='bbox 726 898 848 960; x_wconf 78' lang='grc' dir='ltr'><em>πάσῃ</em></span> <span class='ocrx_word' id='word_1_98' title='bbox 891 893 974 945; x_wconf 76' lang='grc' dir='ltr'><em>οὖν</em></span> <span class='ocrx_word' id='word_1_99' title='bbox 1013 906 1061 963; x_wconf 76' lang='grc' dir='ltr'><em>τῇ</em></span> <span class='ocrx_word' id='word_1_100' title='bbox 1100 906 1158 964; x_wconf 78' lang='grc' dir='ltr'><em>γῇ</em></span> <span class='ocrx_word' id='word_1_101' title='bbox 1199 901 1425 954; x_wconf 79' lang='grc' dir='ltr'><em>δικάζεται</em></span> <span class='ocrx_word' id='word_1_102' title='bbox 1457 899 1651 957; x_wconf 87' lang='grc' dir='ltr'><em>Χριστὸς</em></span> 
     </span>
     <span class='ocr_line' id='line_1_13' title="bbox 227 970 1652 1039; baseline 0.002 -19"><span class='ocrx_word' id='word_1_103' title='bbox 227 976 417 1032; x_wconf 86' lang='grc' dir='ltr'><em>Ἰησοῦς·</em></span> <span class='ocrx_word' id='word_1_104' title='bbox 457 981 533 1022; x_wconf 87' lang='grc' dir='ltr'><em>καὶ</em></span> <span class='ocrx_word' id='word_1_105' title='bbox 564 975 720 1027; x_wconf 79' lang='grc' dir='ltr'><em>ὁσάκις</em></span> <span class='ocrx_word' id='word_1_106' title='bbox 751 970 833 1021; x_wconf 78' lang='grc' dir='ltr'><em>οὖν</em></span> <span class='ocrx_word' id='word_1_107' title='bbox 864 978 1138 1037; x_wconf 77' lang='grc' dir='ltr'><em>Χριστιανὸς</em></span> <span class='ocrx_word' id='word_1_108' title='bbox 1168 978 1416 1035; x_wconf 78' lang='grc' dir='ltr'><em>δικάζεται,</em></span> <span class='ocrx_word' id='word_1_109' title='bbox 1457 976 1652 1039; x_wconf 87' lang='grc' dir='ltr'><em>Χριστός</em></span> 
     </span>
     <span class='ocr_line' id='line_1_14' title="bbox 231 1053 1650 1112; baseline 0 -14"><span class='ocrx_word' id='word_1_110' title='bbox 231 1055 355 1099; x_wconf 72' lang='grc' dir='ltr'><em>ἐστιν</em></span> <span class='ocrx_word' id='word_1_111' title='bbox 385 1053 408 1100; x_wconf 85' lang='grc' dir='ltr'>ὁ</span> <span class='ocrx_word' id='word_1_112' title='bbox 440 1053 754 1111; x_wconf 82' lang='grc' dir='ltr'><em>δικαζόμενος,</em></span> <span class='ocrx_word' id='word_1_113' title='bbox 803 1054 855 1099; x_wconf 81' lang='grc' dir='ltr'><em>οὐ</em></span> <span class='ocrx_word' id='word_1_114' title='bbox 893 1053 1041 1112; x_wconf 86' lang='grc' dir='ltr'><em>μόνον</em></span> <span class='ocrx_word' id='word_1_115' title='bbox 1081 1058 1157 1101; x_wconf 70' lang='grc' dir='ltr'><em>ἐπὶ</em></span> <span class='ocrx_word' id='word_1_116' title='bbox 1195 1056 1368 1100; x_wconf 84' lang='grc' dir='ltr'><em>τούτων</em></span> <span class='ocrx_word' id='word_1_117' title='bbox 1399 1058 1487 1099; x_wconf 87' lang='grc' dir='ltr'><em>τῶν</em></span> <span class='ocrx_word' id='word_1_118' title='bbox 1517 1057 1650 1100; x_wconf 86' lang='grc' dir='ltr'><em>δικα-</em></span> 
     </span>
     <span class='ocr_line' id='line_1_15' title="bbox 233 1128 1657 1191; baseline 0 -16"><span class='ocrx_word' id='word_1_119' title='bbox 233 1137 450 1189; x_wconf 88' lang='grc' dir='ltr'><em>στηρίων·</em></span> <span class='ocrx_word' id='word_1_120' title='bbox 482 1130 595 1176; x_wconf 76' lang='grc' dir='ltr'><em>ἀλλὰ</em></span> <span class='ocrx_word' id='word_1_121' title='bbox 626 1135 737 1191; x_wconf 77' lang='grc' dir='ltr'><em>φέρε</em></span> <span class='ocrx_word' id='word_1_122' title='bbox 768 1139 1160 1190; x_wconf 72' lang='grc' dir='ltr'><em>συκοφαντεῖσθαι</em></span> <span class='ocrx_word' id='word_1_123' title='bbox 1181 1131 1461 1191; x_wconf 74' lang='grc' dir='ltr'><em>Χριστιανὸν</em></span> <span class='ocrx_word' id='word_1_124' title='bbox 1492 1128 1520 1176; x_wconf 74' lang='grc' dir='ltr'><em>ἃ</em></span> <span class='ocrx_word' id='word_1_125' title='bbox 1548 1136 1657 1191; x_wconf 85' lang='grc' dir='ltr'><em>περί</em></span> 
     </span>
     <span class='ocr_line' id='line_1_16' title="bbox 232 1207 1654 1268; baseline 0.002 -17"><span class='ocrx_word' id='word_1_126' title='bbox 232 1225 352 1258; x_wconf 87' lang='grc' dir='ltr'><em>τινος</em></span> <span class='ocrx_word' id='word_1_127' title='bbox 381 1207 746 1266; x_wconf 74' lang='grc' dir='ltr'><em>ἐγκαλούμενον,</em></span> <span class='ocrx_word' id='word_1_128' title='bbox 793 1211 871 1251; x_wconf 84' lang='grc' dir='ltr'><em>καὶ</em></span> <span class='ocrx_word' id='word_1_129' title='bbox 915 1207 1012 1254; x_wconf 89' lang='grc' dir='ltr'><em>τότε</em></span> <span class='ocrx_word' id='word_1_130' title='bbox 1045 1209 1237 1268; x_wconf 81' lang='grc' dir='ltr'><em>Χριστὸς</em></span> <span class='ocrx_word' id='word_1_131' title='bbox 1276 1210 1442 1259; x_wconf 73' lang='grc' dir='ltr'><em>ἀδίκως</em></span> <span class='ocrx_word' id='word_1_132' title='bbox 1472 1207 1654 1261; x_wconf 79' lang='grc' dir='ltr'><em>δικάζε-</em></span> 
     </span>
     <span class='ocr_line' id='line_1_17' title="bbox 232 1282 1654 1343; baseline 0.003 -17"><span class='ocrx_word' id='word_1_133' title='bbox 232 1300 318 1326; x_wconf 88' lang='grc' dir='ltr'><em>ται.</em></span> <span class='ocrx_word' id='word_1_134' title='bbox 378 1282 484 1339; x_wconf 85' lang='grc' dir='ltr'><em>,,Ὡς</em></span> <span class='ocrx_word' id='word_1_135' title='bbox 498 1286 541 1342; x_wconf 78' lang='grc'><em>2)</em></span> <span class='ocrx_word' id='word_1_136' title='bbox 570 1289 672 1328; x_wconf 90' lang='grc' dir='ltr'><em>τίνα</em></span> <span class='ocrx_word' id='word_1_137' title='bbox 699 1302 758 1341; x_wconf 90' lang='grc' dir='ltr'><em>με</em></span> <span class='ocrx_word' id='word_1_138' title='bbox 789 1286 932 1334; x_wconf 82' lang='grc' dir='ltr'><em>ἔτεκες</em></span> <span class='ocrx_word' id='word_1_139' title='bbox 961 1282 1108 1343; x_wconf 74' lang='grc' dir='ltr'><em>ἄνδρα</em></span> <span class='ocrx_word' id='word_1_140' title='bbox 1133 1286 1433 1343; x_wconf 85' lang='grc' dir='ltr'><em>δικαζόμενον</em></span> <span class='ocrx_word' id='word_1_141' title='bbox 1453 1289 1528 1331; x_wconf 86' lang='grc' dir='ltr'><em>καὶ</em></span> <span class='ocrx_word' id='word_1_142' title='bbox 1548 1289 1654 1331; x_wconf 86' lang='grc' dir='ltr'><em>δια-</em></span> 
     </span>
     <span class='ocr_line' id='line_1_18' title="bbox 234 1360 959 1422; baseline 0.003 -19"><span class='ocrx_word' id='word_1_143' title='bbox 234 1360 507 1420; x_wconf 79' lang='grc' dir='ltr'><em>κρινόμενον</em></span> <span class='ocrx_word' id='word_1_144' title='bbox 537 1364 589 1406; x_wconf 77' lang='grc' dir='ltr'><em>ἒν</em></span> <span class='ocrx_word' id='word_1_145' title='bbox 617 1360 741 1422; x_wconf 79' lang='grc' dir='ltr'><em>πάσῃ</em></span> <span class='ocrx_word' id='word_1_146' title='bbox 771 1365 821 1422; x_wconf 75' lang='grc' dir='ltr'><em>τῇ</em></span> <span class='ocrx_word' id='word_1_147' title='bbox 853 1364 959 1420; x_wconf 78' lang='grc' dir='ltr'><em>γῇ.“</em></span> 
     </span>
    </p>

    <p class='ocr_par' dir='ltr' id='par_1_3' title="bbox 233 1437 1658 2036">
     <span class='ocr_line' id='line_1_19' title="bbox 344 1437 1656 1496; baseline -0.001 -13"><span class='ocrx_word' id='word_1_148' title='bbox 344 1438 384 1483; x_wconf 84' lang='grc'><em>8.</em></span> <span class='ocrx_word' id='word_1_149' title='bbox 414 1442 506 1483; x_wconf 84' lang='grc' dir='ltr'><em>Καὶ</em></span> <span class='ocrx_word' id='word_1_150' title='bbox 521 1440 564 1496; x_wconf 84' lang='lat'><em>³)</em></span> <span class='ocrx_word' id='word_1_151' title='bbox 601 1440 665 1483; x_wconf 75' lang='grc' dir='ltr'><em>ἔτι</em></span> <span class='ocrx_word' id='word_1_152' title='bbox 705 1440 755 1483; x_wconf 84' lang='grc' dir='ltr'><em>δὲ</em></span> <span class='ocrx_word' id='word_1_153' title='bbox 797 1437 937 1490; x_wconf 76' lang='grc' dir='ltr'><em>οὕτως</em></span> <span class='ocrx_word' id='word_1_154' title='bbox 966 1438 1168 1495; x_wconf 76' lang='grc' dir='ltr'><em>νοήσεις,</em></span> <span class='ocrx_word' id='word_1_155' title='bbox 1201 1443 1298 1491; x_wconf 89' lang='grc' dir='ltr'><em>πῶς</em></span> <span class='ocrx_word' id='word_1_156' title='bbox 1327 1439 1550 1492; x_wconf 81' lang='grc' dir='ltr'><em>δικάζεται</em></span> <span class='ocrx_word' id='word_1_157' title='bbox 1579 1442 1656 1484; x_wconf 88' lang='grc' dir='ltr'><em>καὶ</em></span> 
     </span>
     <span class='ocr_line' id='line_1_20' title="bbox 234 1514 1657 1578; baseline -0.002 -21"><span class='ocrx_word' id='word_1_158' title='bbox 234 1516 511 1572; x_wconf 80' lang='grc' dir='ltr'><em>διακρίνεται</em></span> <span class='ocrx_word' id='word_1_159' title='bbox 545 1517 595 1560; x_wconf 72' lang='grc' dir='ltr'><em>ἐν</em></span> <span class='ocrx_word' id='word_1_160' title='bbox 624 1514 747 1577; x_wconf 79' lang='grc' dir='ltr'><em>πάσῃ</em></span> <span class='ocrx_word' id='word_1_161' title='bbox 776 1518 828 1577; x_wconf 78' lang='grc' dir='ltr'><em>τῇ</em></span> <span class='ocrx_word' id='word_1_162' title='bbox 859 1519 932 1578; x_wconf 75' lang='grc' dir='ltr'><em>γῇ.</em></span> <span class='ocrx_word' id='word_1_163' title='bbox 998 1520 1076 1566; x_wconf 85' lang='grc' dir='ltr'><em>Τίς</em></span> <span class='ocrx_word' id='word_1_164' title='bbox 1106 1515 1158 1560; x_wconf 83' lang='grc' dir='ltr'><em>οὐ</em></span> <span class='ocrx_word' id='word_1_165' title='bbox 1175 1517 1217 1572; x_wconf 62' lang='grc'><em>4)</em></span> <span class='ocrx_word' id='word_1_166' title='bbox 1247 1516 1416 1569; x_wconf 80' lang='grc' dir='ltr'><em>δικάζει</em></span> <span class='ocrx_word' id='word_1_167' title='bbox 1444 1516 1525 1562; x_wconf 87' lang='grc' dir='ltr'><em>τὸν</em></span> <span class='ocrx_word' id='word_1_168' title='bbox 1547 1535 1657 1575; x_wconf 84' lang='grc' dir='ltr'><em>χρι-</em></span> 
     </span>
     <span class='ocr_line' id='line_1_21' title="bbox 237 1591 1656 1651; baseline 0.001 -15"><span class='ocrx_word' id='word_1_169' title='bbox 237 1591 424 1636; x_wconf 83' lang='grc' dir='ltr'><em>στιανόν</em></span> <span class='ocrx_word' id='word_1_170' title='bbox 453 1591 618 1651; x_wconf 83' lang='grc' dir='ltr'><em>λόγον,·</em></span> <span class='ocrx_word' id='word_1_171' title='bbox 654 1598 733 1644; x_wconf 87' lang='grc' dir='ltr'><em>Τίς</em></span> <span class='ocrx_word' id='word_1_172' title='bbox 764 1597 855 1638; x_wconf 89' lang='grc' dir='ltr'><em>τῶν</em></span> <span class='ocrx_word' id='word_1_173' title='bbox 885 1595 1051 1649; x_wconf 76' lang='grc' dir='ltr'><em>ἐθνῶν,</em></span> <span class='ocrx_word' id='word_1_174' title='bbox 1087 1591 1175 1638; x_wconf 71' lang='grc' dir='ltr'><em>κᾶν</em></span> <span class='ocrx_word' id='word_1_175' title='bbox 1206 1592 1359 1645; x_wconf 79' lang='grc' dir='ltr'><em>ἁπλῶς</em></span> <span class='ocrx_word' id='word_1_176' title='bbox 1389 1595 1471 1639; x_wconf 84' lang='grc' dir='ltr'><em>οὐκ</em></span> <span class='ocrx_word' id='word_1_177' title='bbox 1501 1594 1656 1646; x_wconf 76' lang='grc' dir='ltr'><em>ἐξετά-</em></span> 
     </span>
     <span class='ocr_line' id='line_1_22' title="bbox 237 1668 1656 1731; baseline 0.001 -17"><span class='ocrx_word' id='word_1_178' title='bbox 237 1673 295 1720; x_wconf 87' lang='grc' dir='ltr'><em>ζει</em></span> <span class='ocrx_word' id='word_1_179' title='bbox 318 1668 480 1724; x_wconf 85' lang='grc' dir='ltr'><em>αὐτόν;</em></span> <span class='ocrx_word' id='word_1_180' title='bbox 517 1676 596 1720; x_wconf 91' lang='grc' dir='ltr'><em>Τίς</em></span> <span class='ocrx_word' id='word_1_181' title='bbox 616 1671 670 1715; x_wconf 83' lang='grc' dir='ltr'><em>οὐ</em></span> <span class='ocrx_word' id='word_1_182' title='bbox 701 1674 823 1729; x_wconf 77' lang='grc' dir='ltr'><em>λέγει</em></span> <span class='ocrx_word' id='word_1_183' title='bbox 852 1674 943 1716; x_wconf 90' lang='grc' dir='ltr'><em>τῶν</em></span> <span class='ocrx_word' id='word_1_184' title='bbox 967 1670 1201 1716; x_wconf 78' lang='grc' dir='ltr'><em>Ἰουδαίων</em></span> <span class='ocrx_word' id='word_1_185' title='bbox 1231 1670 1283 1715; x_wconf 79' lang='grc' dir='ltr'><em>τὰ</em></span> <span class='ocrx_word' id='word_1_186' title='bbox 1310 1675 1417 1731; x_wconf 89' lang='grc' dir='ltr'><em>περὶ</em></span> <span class='ocrx_word' id='word_1_187' title='bbox 1433 1678 1656 1730; x_wconf 88' lang='grc' dir='ltr'><em>Χριστια-</em></span> 
     </span>
     <span class='ocr_line' id='line_1_23' title="bbox 238 1745 1658 1807; baseline 0.003 -17"><span class='ocrx_word' id='word_1_188' title='bbox 238 1747 354 1801; x_wconf 90' lang='grc' dir='ltr'><em>νῶν,·</em></span> <span class='ocrx_word' id='word_1_189' title='bbox 391 1752 469 1797; x_wconf 88' lang='grc' dir='ltr'><em>Τίς</em></span> <span class='ocrx_word' id='word_1_190' title='bbox 496 1749 587 1791; x_wconf 89' lang='grc' dir='ltr'><em>τῶν</em></span> <span class='ocrx_word' id='word_1_191' title='bbox 611 1745 863 1803; x_wconf 85' lang='grc' dir='ltr'><em>Ἑλλήνων;</em></span> <span class='ocrx_word' id='word_1_192' title='bbox 900 1753 978 1798; x_wconf 88' lang='grc' dir='ltr'><em>Τίς</em></span> <span class='ocrx_word' id='word_1_193' title='bbox 1007 1751 1098 1792; x_wconf 90' lang='grc' dir='ltr'><em>τῶν</em></span> <span class='ocrx_word' id='word_1_194' title='bbox 1122 1748 1420 1807; x_wconf 77' lang='grc' dir='ltr'><em>φιλοσόφων;</em></span> <span class='ocrx_word' id='word_1_195' title='bbox 1458 1754 1536 1800; x_wconf 90' lang='grc' dir='ltr'><em>Τίς</em></span> <span class='ocrx_word' id='word_1_196' title='bbox 1566 1753 1658 1794; x_wconf 87' lang='grc' dir='ltr'><em>τῶν</em></span> 
     </span>
     <span class='ocr_line' id='line_1_24' title="bbox 238 1824 1658 1886; baseline 0.003 -20"><span class='ocrx_word' id='word_1_197' title='bbox 238 1825 462 1878; x_wconf 81' lang='grc' dir='ltr'><em>ῗδιωτῶν;</em></span> <span class='ocrx_word' id='word_1_198' title='bbox 499 1827 746 1881; x_wconf 81' lang='grc' dir='ltr'><em>Πανταχοῦ</em></span> <span class='ocrx_word' id='word_1_199' title='bbox 773 1825 943 1880; x_wconf 82' lang='grc' dir='ltr'><em>Ἰησοῦς</em></span> <span class='ocrx_word' id='word_1_200' title='bbox 975 1824 1198 1877; x_wconf 80' lang='grc' dir='ltr'><em>δικάζεται</em></span> <span class='ocrx_word' id='word_1_201' title='bbox 1227 1829 1302 1870; x_wconf 89' lang='grc' dir='ltr'><em>καὶ</em></span> <span class='ocrx_word' id='word_1_202' title='bbox 1331 1832 1550 1886; x_wconf 84' lang='grc' dir='ltr'><em>κρίνεται·</em></span> <span class='ocrx_word' id='word_1_203' title='bbox 1580 1830 1658 1871; x_wconf 87' lang='grc' dir='ltr'><em>καὶ</em></span> 
     </span>
     <span class='ocr_line' id='line_1_25' title="bbox 234 1892 1655 1960; baseline 0.004 -16"><span class='ocrx_word' id='word_1_204' title='bbox 234 1899 313 1959; x_wconf 81' lang='grc' dir='ltr'><em>ὑφ’</em></span> <span class='ocrx_word' id='word_1_205' title='bbox 349 1892 415 1946; x_wconf 81' lang='grc' dir='ltr'><em>ῶν</em></span> <span class='ocrx_word' id='word_1_206' title='bbox 439 1902 527 1957; x_wconf 81' lang='grc' dir='ltr'><em>μὲν</em></span> <span class='ocrx_word' id='word_1_207' title='bbox 556 1898 913 1960; x_wconf 75' lang='grc' dir='ltr'><em>καταδικάζεται,</em></span> <span class='ocrx_word' id='word_1_208' title='bbox 934 1900 1008 1960; x_wconf 74' lang='grc' dir='ltr'><em>ὑφ’</em></span> <span class='ocrx_word' id='word_1_209' title='bbox 1042 1894 1107 1945; x_wconf 74' lang='grc' dir='ltr'><em>ῶν</em></span> <span class='ocrx_word' id='word_1_210' title='bbox 1132 1904 1182 1946; x_wconf 81' lang='grc' dir='ltr'><em>δὲ</em></span> <span class='ocrx_word' id='word_1_211' title='bbox 1212 1903 1266 1947; x_wconf 79' lang='grc' dir='ltr'><em>οὐ</em></span> <span class='ocrx_word' id='word_1_212' title='bbox 1299 1903 1655 1955; x_wconf 80' lang='grc' dir='ltr'><em>καταδικάζεται.</em></span> 
     </span>
     <span class='ocr_line' id='line_1_26' title="bbox 233 1976 1655 2036; baseline 0.001 -15"><span class='ocrx_word' id='word_1_213' title='bbox 233 1976 345 2022; x_wconf 81' lang='grc' dir='ltr'><em>Ἐάν</em></span> <span class='ocrx_word' id='word_1_214' title='bbox 373 1994 427 2036; x_wconf 79' lang='grc' dir='ltr'><em>γε</em></span> <span class='ocrx_word' id='word_1_215' title='bbox 454 1976 518 2036; x_wconf 73' lang='grc' dir='ltr'><em>μή</em></span> <span class='ocrx_word' id='word_1_216' title='bbox 550 1976 907 2034; x_wconf 76' lang='grc' dir='ltr'><em>καταδικὰζηται,</em></span> <span class='ocrx_word' id='word_1_217' title='bbox 938 1976 1223 2036; x_wconf 81' lang='grc' dir='ltr'><em>παράδεκτος</em></span> <span class='ocrx_word' id='word_1_218' title='bbox 1251 1983 1439 2036; x_wconf 69' lang='grc' dir='ltr'><em>γίνεται.</em></span> <span class='ocrx_word' id='word_1_219' title='bbox 1506 1979 1655 2025; x_wconf 83' lang='grc' dir='ltr'><em>Ἀνοί-</em></span> 
     </span>
    </p>
   </div>
   <div class='ocr_carea' id='block_1_3' title="bbox 359 2203 1656 2261">
    <p class='ocr_par' dir='ltr' id='par_1_4' title="bbox 359 2203 1656 2261">
     <span class='ocr_line' id='line_1_27' title="bbox 359 2203 1656 2261; baseline 0 -15"><span class='ocrx_word' id='word_1_220' title='bbox 359 2205 397 2261; x_wconf 88' lang='lat'><em>¹)</em></span> <span class='ocrx_word' id='word_1_221' title='bbox 429 2205 513 2246; x_wconf 86' lang='lat' dir='ltr'>Cfr.</span> <span class='ocrx_word' id='word_1_222' title='bbox 546 2205 696 2246; x_wconf 76' lang='lat' dir='ltr'>Matth.</span> <span class='ocrx_word' id='word_1_223' title='bbox 726 2205 861 2254; x_wconf 88' lang='lat' dir='ltr'>XXV,</span> <span class='ocrx_word' id='word_1_224' title='bbox 887 2203 951 2248; x_wconf 83' lang='grc'><em>36.</em></span> <span class='ocrx_word' id='word_1_225' title='bbox 984 2203 1051 2246; x_wconf 86' lang='grc'><em>35.</em></span> <span class='ocrx_word' id='word_1_226' title='bbox 1084 2230 1132 2233; x_wconf 85' lang='grc'><strong>-</strong></span> <span class='ocrx_word' id='word_1_227' title='bbox 1165 2203 1274 2243; x_wconf 84' lang='lat' dir='ltr'><strong>Edd.</strong></span> <span class='ocrx_word' id='word_1_228' title='bbox 1306 2203 1359 2243; x_wconf 90' lang='lat' dir='ltr'><em>H.</em></span> <span class='ocrx_word' id='word_1_229' title='bbox 1393 2215 1432 2243; x_wconf 86' lang='lat' dir='ltr'><em>et</em></span> <span class='ocrx_word' id='word_1_230' title='bbox 1462 2204 1513 2244; x_wconf 82' lang='lat' dir='ltr'><em>R.</em></span> <span class='ocrx_word' id='word_1_231' title='bbox 1545 2206 1656 2257; x_wconf 63' lang='lat' dir='ltr'><em>„mel</em></span> 
     </span>
    </p>
   </div>
   <div class='ocr_carea' id='block_1_4' title="bbox 239 2262 927 2386">
    <p class='ocr_par' dir='ltr' id='par_1_5' title="bbox 239 2262 915 2386">
     <span class='ocr_line' id='line_1_28' title="bbox 239 2262 881 2305; baseline -0.003 -1"><span class='ocrx_word' id='word_1_232' title='bbox 239 2263 487 2305; x_wconf 71' lang='grc' dir='ltr'><em>ἐποτίσατε.</em></span> <span class='ocrx_word' id='word_1_233' title='bbox 550 2262 760 2305; x_wconf 67' lang='grc' dir='ltr'><em>Οὐκοῦιι“</em></span> <span class='ocrx_word' id='word_1_234' title='bbox 792 2265 881 2303; x_wconf 87' lang='grc' dir='ltr'><em>κτλ.</em></span> 
     </span>
     <span class='ocr_line' id='line_1_29' title="bbox 355 2329 927 2386; baseline 0 -13"><span class='ocrx_word' id='word_1_235' title='bbox 355 2331 396 2386; x_wconf 87' lang='grc'><em>2)</em></span> <span class='ocrx_word' id='word_1_236' title='bbox 430 2331 516 2373; x_wconf 87' lang='lat' dir='ltr'>Cfr.</span> <span class='ocrx_word' id='word_1_237' title='bbox 548 2335 707 2373; x_wconf 84' lang='lat' dir='ltr'><strong>Jerem.</strong></span> <span class='ocrx_word' id='word_1_238' title='bbox 737 2330 830 2380; x_wconf 88' lang='lat' dir='ltr'><em>XV,</em></span> <span class='ocrx_word' id='word_1_239' title='bbox 863 2329 927 2373; x_wconf 88' lang='grc'><em>10.</em></span> 
     </span>
    </p>
   </div>
   <div class='ocr_carea' id='block_1_5' title="bbox 237 2395 1654 2610">
    <p class='ocr_par' dir='ltr' id='par_1_6' title="bbox 237 2395 1654 2610">
     <span class='ocr_line' id='line_1_30' title="bbox 355 2395 1651 2455; baseline 0 -15"><span class='ocrx_word' id='word_1_240' title='bbox 355 2400 397 2455; x_wconf 77' lang='grc'><em>3)</em></span> <span class='ocrx_word' id='word_1_241' title='bbox 427 2400 606 2441; x_wconf 80' lang='lat' dir='ltr'><strong>Huetius</strong></span> <span class='ocrx_word' id='word_1_242' title='bbox 650 2401 692 2440; x_wconf 80' lang='lat' dir='ltr'><em>in</em></span> <span class='ocrx_word' id='word_1_243' title='bbox 730 2400 865 2441; x_wconf 77' lang='lat' dir='ltr'><strong>notis:</strong></span> <span class='ocrx_word' id='word_1_244' title='bbox 909 2401 1084 2449; x_wconf 74' lang='lat' dir='ltr'>„verbaz</span> <span class='ocrx_word' id='word_1_245' title='bbox 1129 2402 1222 2441; x_wconf 86' lang='grc' dir='ltr'><em>Καὶ</em></span> <span class='ocrx_word' id='word_1_246' title='bbox 1264 2401 1328 2442; x_wconf 77' lang='grc' dir='ltr'><em>ἔτι</em></span> <span class='ocrx_word' id='word_1_247' title='bbox 1370 2420 1421 2428; x_wconf 93' lang='lat'>—</span> <span class='ocrx_word' id='word_1_248' title='bbox 1463 2395 1651 2452; x_wconf 81' lang='grc' dir='ltr'><em>νοήσεις,</em></span> 
     </span>
     <span class='ocr_line' id='line_1_31' title="bbox 239 2454 1654 2516; baseline -0.001 -18"><span class='ocrx_word' id='word_1_249' title='bbox 239 2458 334 2503; x_wconf 87' lang='grc' dir='ltr'><em>πῶς</em></span> <span class='ocrx_word' id='word_1_250' title='bbox 365 2481 416 2487; x_wconf 92' lang='lat'><em>—-</em></span> <span class='ocrx_word' id='word_1_251' title='bbox 446 2460 497 2516; x_wconf 84' lang='grc' dir='ltr'><em>τῆ</em></span> <span class='ocrx_word' id='word_1_252' title='bbox 526 2460 598 2516; x_wconf 67' lang='lat'><em>753,</em></span> <span class='ocrx_word' id='word_1_253' title='bbox 633 2457 736 2498; x_wconf 90' lang='lat' dir='ltr'>Cod.</span> <span class='ocrx_word' id='word_1_254' title='bbox 767 2455 1042 2497; x_wconf 82' lang='lat' dir='ltr'>scorialensis</span> <span class='ocrx_word' id='word_1_255' title='bbox 1072 2455 1179 2496; x_wconf 78' lang='lat' dir='ltr'>infra</span> <span class='ocrx_word' id='word_1_256' title='bbox 1208 2467 1307 2511; x_wconf 86' lang='lat' dir='ltr'>post</span> <span class='ocrx_word' id='word_1_257' title='bbox 1335 2454 1429 2494; x_wconf 75' lang='lat' dir='ltr'>illa:</span> <span class='ocrx_word' id='word_1_258' title='bbox 1471 2459 1536 2504; x_wconf 82' lang='grc' dir='ltr'><em>τίς</em></span> <span class='ocrx_word' id='word_1_259' title='bbox 1564 2457 1654 2496; x_wconf 85' lang='grc' dir='ltr'><em>τῶν</em></span> 
     </span>
     <span class='ocr_line' id='line_1_32' title="bbox 239 2512 1654 2568; baseline -0.002 -14"><span class='ocrx_word' id='word_1_260' title='bbox 239 2514 456 2564; x_wconf 82' lang='grc' dir='ltr'><em>ἰδιωτῶν,</em></span> <span class='ocrx_word' id='word_1_261' title='bbox 496 2513 747 2567; x_wconf 78' lang='lat' dir='ltr'><strong>transposita</strong></span> <span class='ocrx_word' id='word_1_262' title='bbox 778 2513 1018 2562; x_wconf 80' lang='lat' dir='ltr'>exhibebat,</span> <span class='ocrx_word' id='word_1_263' title='bbox 1055 2529 1160 2568; x_wconf 84' lang='lat' dir='ltr'>quae</span> <span class='ocrx_word' id='word_1_264' title='bbox 1199 2512 1508 2568; x_wconf 78' lang='lat' dir='ltr'><strong>Hielonymum</strong></span> <span class='ocrx_word' id='word_1_265' title='bbox 1537 2526 1654 2551; x_wconf 90' lang='lat' dir='ltr'><strong>secu—</strong></span> 
     </span>
     <span class='ocr_line' id='line_1_33' title="bbox 237 2570 868 2610; baseline 0 -1"><span class='ocrx_word' id='word_1_266' title='bbox 237 2581 302 2610; x_wconf 84' lang='lat' dir='ltr'><em>tus</em></span> <span class='ocrx_word' id='word_1_267' title='bbox 331 2585 407 2609; x_wconf 85' lang='lat' dir='ltr'><em>suo</em></span> <span class='ocrx_word' id='word_1_268' title='bbox 441 2570 588 2609; x_wconf 83' lang='lat' dir='ltr'>ordine</span> <span class='ocrx_word' id='word_1_269' title='bbox 620 2570 868 2609; x_wconf 78' lang='lat' dir='ltr'>collocavi.“</span> 
     </span>
    </p>
   </div>
   <div class='ocr_carea' id='block_1_6' title="bbox 198 2631 1653 2800">
    <p class='ocr_par' dir='ltr' id='par_1_7' title="bbox 198 2631 1653 2800">
     <span class='ocr_line' id='line_1_34' title="bbox 357 2631 1653 2692; baseline -0.002 -13"><span class='ocrx_word' id='word_1_270' title='bbox 357 2637 399 2692; x_wconf 69' lang='grc'><em>4)</em></span> <span class='ocrx_word' id='word_1_271' title='bbox 430 2639 481 2679; x_wconf 91' lang='lat' dir='ltr'><em>H.</em></span> <span class='ocrx_word' id='word_1_272' title='bbox 515 2650 555 2679; x_wconf 80' lang='lat' dir='ltr'><em>et</em></span> <span class='ocrx_word' id='word_1_273' title='bbox 584 2639 634 2678; x_wconf 86' lang='lat' dir='ltr'><em>R.</em></span> <span class='ocrx_word' id='word_1_274' title='bbox 667 2637 709 2677; x_wconf 88' lang='lat' dir='ltr'><em>in</em></span> <span class='ocrx_word' id='word_1_275' title='bbox 738 2649 875 2678; x_wconf 81' lang='lat' dir='ltr'>textu:</span> <span class='ocrx_word' id='word_1_276' title='bbox 908 2631 1060 2688; x_wconf 74' lang='grc' dir='ltr'><em>,,οὖν,“</em></span> <span class='ocrx_word' id='word_1_277' title='bbox 1090 2637 1143 2678; x_wconf 91' lang='grc' dir='ltr'><em>Η.</em></span> <span class='ocrx_word' id='word_1_278' title='bbox 1169 2649 1309 2678; x_wconf 84' lang='lat' dir='ltr'><strong>tamen</strong></span> <span class='ocrx_word' id='word_1_279' title='bbox 1335 2638 1388 2678; x_wconf 80' lang='lat' dir='ltr'><em>ad</em></span> <span class='ocrx_word' id='word_1_280' title='bbox 1402 2637 1653 2690; x_wconf 81' lang='lat' dir='ltr'>marginem:</span> 
     </span>
     <span class='ocr_line' id='line_1_35' title="bbox 241 2692 1652 2751; baseline -0.001 -17"><span class='ocrx_word' id='word_1_281' title='bbox 241 2694 545 2745; x_wconf 69' lang='lat' dir='ltr'>„scrib.01},“</span> <span class='ocrx_word' id='word_1_282' title='bbox 585 2695 637 2735; x_wconf 89' lang='lat' dir='ltr'><em>R.</em></span> <span class='ocrx_word' id='word_1_283' title='bbox 677 2694 719 2734; x_wconf 85' lang='lat' dir='ltr'><em>in</em></span> <span class='ocrx_word' id='word_1_284' title='bbox 763 2693 897 2735; x_wconf 83' lang='lat' dir='ltr'><strong>notis:</strong></span> <span class='ocrx_word' id='word_1_285' title='bbox 939 2694 1131 2746; x_wconf 77' lang='lat' dir='ltr'>„legebat</span> <span class='ocrx_word' id='word_1_286' title='bbox 1170 2694 1475 2751; x_wconf 84' lang='lat' dir='ltr'>Hieronymus:</span> <span class='ocrx_word' id='word_1_287' title='bbox 1505 2698 1570 2742; x_wconf 87' lang='grc' dir='ltr'><em>τίς</em></span> <span class='ocrx_word' id='word_1_288' title='bbox 1600 2692 1652 2735; x_wconf 74' lang='grc' dir='ltr'><em>οὐ</em></span> 
     </span>
     <span class='ocr_line' id='line_1_36' title="bbox 198 2752 456 2800; baseline 0 -7"><span class='ocrx_word' id='word_1_289' title='bbox 198 2794 202 2797; x_wconf 81' lang='grc'>,</span> <span class='ocrx_word' id='word_1_290' title='bbox 239 2752 456 2800; x_wconf 76' lang='grc' dir='ltr'><em>δικαζει.”</em></span> 
     </span>
    </p>
   </div>
   <div class='ocr_carea' id='block_1_7' title="bbox 1729 0 1763 663">
    <p class='ocr_par' dir='ltr' id='par_1_8' title="bbox 1729 0 1763 663">
     <span class='ocr_line' id='line_1_37' title="bbox 1729 0 1763 663; baseline 0 2449"><span class='ocrx_word' id='word_1_291' title='bbox 1729 0 1763 663; x_wconf 95' lang='lat' dir='ltr'><em> </em></span> 
     </span>
    </p>
   </div>
  </div>
 </body>
</html>
