1763 3112
236 63 321 108 272
659 64 878 106 OmGEms
918 77 961 106 m
990 64 1228 106 Jssmzmmm

238 178 364 220 στοῦ.
428 176 580 219 Ταῦτα
610 176 661 220 δὲ
696 179 924 234 λέγοντες,
967 174 1050 219 οὐκ
1089 173 1411 232 αἰσθανόμεθα
1440 183 1484 219 τί
1513 177 1649 235 εὐχό-

241 258 390 310 μεθα“
435 251 627 310 δυνάμει
665 251 756 312 γαρ
794 250 925 297 τοῦτό
967 265 1145 309 ([αμεν·
1191 250 1269 302 δὸς
1304 251 1424 308 ἡμᾶς
1462 259 1650 313 παθεῖν,

241 327 271 375 ἃ
302 328 593 376 πεπόνθασιν
623 332 667 374 οἱ
697 332 954 387 προφῆται·
995 328 1073 377 δὸς
1114 332 1190 372 καὶ
1228 327 1346 387 ἡμᾶς
1380 333 1653 388 μισηθῆναι,

241 407 302 458 ὠς
331 406 617 467 ἐμισήθησαν
648 410 691 451 οἱ
718 408 978 464 προφῆται·
1010 404 1173 461 λόγους
1199 405 1425 457 τοιούτους
1453 406 1546 463 δὸς,
1579 407 1649 466 ἐφ’

242 481 307 535 οἷς
334 482 712 542 μισηθησόμεθα·
755 483 832 532 δὸς
871 480 1109 532 τοσαύταις
1146 482 1433 540 περιστάσεσι
1463 500 1655 540 περιπε-

242 569 353 618 σεῖν,
386 557 454 611 αἶς
485 564 527 605 οἱ
558 559 816 604 ἀπόστολοι.
895 558 956 604 Τὸ
995 559 1085 618 γάρ
1122 563 1293 617 λέγειν·
1340 560 1418 611 δός
1456 577 1537 619 μοι
1565 577 1654 619 με-

239 642 344 698 ρίδα
374 636 485 695 μετὰ
514 640 605 680 τῶν
634 638 908 694 προφητῶν·
940 635 1004 693 μὴ
1035 634 1247 680 παθόντα
1277 636 1329 680 τά
1350 642 1441 682 τῶν
1465 655 1655 698 προφη-

237 720 354 774 τῶν,
395 715 511 773 μηδὲ
541 718 712 757 παθεῖν
740 715 959 769 θέλοντα,
1012 710 1173 759 ἄδικόν
1213 715 1319 758 ἐστι.
1385 714 1448 760 Τὸ
1479 719 1653 773 λέγειν·

239 792 318 843 δός
346 809 426 850 μοι
454 792 621 851 μερίδα
650 789 763 849 μετα
792 795 882 834 τῶν
915 789 1205 835 ἀποστόλων·
1243 790 1307 847 μὴ
1338 796 1529 836 θέλοντα
1560 790 1652 836 ἀπὸ

239 871 484 918 διαθέσεως
530 867 718 912 Παύλου
764 867 1045 922 ἀληθεύοντα
1089 869 1262 913 εἰπεῖν’
1308 869 1449 924 ,,ἐνι)
1495 865 1655 917 κόποις

238 950 579 1004 περισσοτέρως,
611 947 661 990 ἐν
691 949 886 1002 πληγαῖς
915 944 1306 1002 ὑπερβαλλόντως,
1347 947 1398 989 ἐν
1427 948 1654 1003 φυλακαῖς

236 1027 583 1083 περισσοτέρως,
640 1023 691 1067 ἐν
730 1020 947 1072 θανάτοις
986 1022 1270 1078 πολλάκις,“
1316 1025 1392 1066 καὶ
1434 1020 1488 1066 τά
1538 1022 1651 1077 ἑξῆς,

236 1100 425 1145 πάντων
454 1101 576 1143 ἐστὶν
607 1099 901 1144 ἀδικώτατον.
959 1104 1106 1159 Εἴπερ
1138 1092 1219 1144 οὖν
1247 1104 1392 1150 θέλεις
1419 1097 1533 1156 μετὰ
1563 1101 1655 1142 τῶν

237 1180 489 1238 προφητῶν
526 1180 765 1233 γενέσθαι,
817 1175 900 1236 ὅρα
949 1177 1052 1227 τοὺς
1092 1183 1217 1233 βίους
1259 1181 1350 1221 τῶν
1388 1178 1652 1234 προφητῶν,

238 1253 305 1300 ὅτι
337 1255 385 1298 ἐκ
415 1256 494 1297 τοῦ
526 1254 749 1310 ἐλέγχειν,
795 1256 872 1296 καὶ
888 1255 931 1310 ²)
963 1257 1042 1297 τοῦ
1074 1256 1308 1311 ἐπιτιμᾷν,
1358 1255 1407 1298 ἐκ
1436 1256 1516 1298 τοῦ
1549 1253 1653 1296 ἐπι-

234 1329 455 1385 πλήσσειν
475 1329 746 1381 ἐδικάζοντο,
777 1331 1072 1390 διεκρίνοντο,
1104 1331 1463 1383 κατεδικάζοντο.
1502 1330 1654 1385 ,,Ἐλι-

233 1408 498 1464 θάσθησαν,
517 1408 560 1464 ³)
593 1408 896 1466 ἐπρίσθησαν,
929 1406 1285 1466 ἐπειράσθησαν,
1318 1409 1368 1453 ἓν
1398 1406 1530 1466 φόνῳ
1557 1424 1653 1464 μα-

229 1491 396 1545 χαίρας
426 1485 676 1529 ἀπέθανον.
736 1488 997 1542 Περιῆλθον
1027 1487 1077 1530 ἐν
1104 1489 1354 1542 μηλωταῖς,
1387 1487 1438 1530 ἐν
1466 1487 1654 1542 αἰγείοις

236 1566 473 1620 δέρμασιν,
505 1560 853 1621 ὑστερούμενοι,
894 1561 1181 1620 θλιβόμενοι,
1214 1561 1592 1621 κακουχούμενοι,
1609 1561 1652 1618 ¹²)

236 1641 302 1686 ἐπ’
336 1643 539 1698 ἐρημίαις
570 1638 864 1697 πλανώμενοι
893 1644 970 1684 καὶ
1001 1637 1146 1698 ὄρεσι,
1178 1644 1256 1684 καὶ
1286 1644 1543 1696 σπηλαίοις,
1575 1642 1652 1682 καὶ

234 1723 331 1767 ταῖς
362 1717 495 1766 ὀπαῖς
524 1720 598 1770 τῆς
627 1720 760 1774 γῆς.“
824 1723 884 1761 Τί
912 1710 995 1762 οὖν
1024 1717 1309 1778 παράδοξον,
1342 1721 1381 1763 εἰ
1410 1721 1558 1762 θέλων
1587 1732 1652 1766 τις

235 1798 397 1852 ζηλοῦν
427 1793 507 1838 τὸν
534 1798 638 1848 βίον
667 1794 748 1838 τὸν
775 1794 1076 1854 προφητικὸν,
1110 1797 1323 1854 ἐλέγχων,
1356 1791 1650 1850 ἐπιπλήσσων

235 1872 316 1917 τὸν
333 1870 668 1932 ἁμαρτάνοντα,
701 1875 1030 1928 κακολογεῖται,
1051 1879 1260 1930 μισεῖται,
1290 1869 1649 1928 ἐπιβουλεύεται;

224 1947 402 2007 *Ὠσπερ
440 1951 516 1992 καὶ
555 1949 630 1992 ἐπὶ
669 1950 748 1992 τοῦ
793 1946 1018 2008 παρόντος
1056 1950 1148 1994 ἔδει
1185 1955 1402 2007 γενέσθαι
1440 1951 1649 1993 τοιοῦτον

234 2029 296 2077 εἰς
325 2026 407 2082 τὴν
437 2027 678 2080 ἐκκλησίαν
718 2028 795 2070 τοῦ
835 2029 961 2071 θεοῦ.
1019 2025 1301 2085 Κατεγνώθη
1341 2025 1363 2070 ὁ
1395 2026 1546 2080 δεῖνα,
1581 2022 1647 2068 ὅτι

230 2102 532 2160 καθεζόμενος
562 2099 706 2147 ἐποίει
734 2100 845 2148 τάδε
874 2100 901 2158 ἢ
934 2101 1056 2148 τάδε.
1104 2100 1229 2148 ’Έδει
1255 2103 1650 2171 γενέσθαιέκκλη-

230 2179 466 2236 σιαστικὴν
493 2181 712 2236 ἐκδικίαν,
745 2184 822 2224 καὶ
851 2185 1027 2238 γέγονε.
1102 2173 1361 2236 Πεποίηκεν
1390 2179 1413 2225 ὁ
1446 2181 1649 2238 ἐγκεχει-

231 2261 457 2319 ρισμένος,
489 2255 539 2301 τὸ
569 2259 707 2316 ἔργον
738 2254 761 2302 ὃ
792 2259 883 2303 ἔδει
912 2257 1050 2303 αὐτὸν
1078 2262 1388 2314 πεποιηκέναι.
1452 2262 1646 2315 Περιέρ-

224 2351 357 2393 χεται
388 2336 556 2384 ἐκεῖνος
584 2338 731 2392 λέγων
767 2337 914 2384 κακῶς
956 2333 1037 2379 τὸν
1073 2334 1371 2391 ἐκδικήσαντα
1414 2334 1497 2390 τὴν
1533 2331 1646 2389 ἀλή-

232 2418 380 2457 θειαν.
437 2411 546 2454 Ἀλλ’
581 2411 708 2469 ἡμεῖς
736 2415 866 2456 τοῦτο
895 2410 1044 2470 μόνον
1074 2417 1300 2472 ποιῶμεν,
1339 2412 1401 2468 μή
1433 2415 1644 2469 παρέχω-

231 2506 321 2547 μεν
349 2488 427 2540 τὰς
456 2487 596 2539 ἀκοὰς
624 2495 716 2538 τοῖς
746 2488 822 2533 διὰ
861 2490 909 2534 τὸ
950 2491 1244 2548 ἐκβεβλῆσθαι
1285 2494 1468 2548 λέγουσι
1498 2491 1644 2538 κακῶς

352 2660 392 2715 ¹)
422 2660 465 2700 II
497 2659 596 2701 Cor.
625 2660 701 2709 XI,
731 2659 797 2703 23.
915 2662 958 2716 2)
988 2660 1096 2702 Edd.
1127 2660 1183 2703 H.
1216 2660 1299 2716 ,,ἐκ
1329 2659 1443 2702 τοῦ(ί
1475 2659 1565 2700 κτλ.

351 2730 395 2784 3)
427 2730 513 2771 Cfr.
543 2730 671 2771 Hebr.
700 2730 777 2781 XI,
809 2730 872 2774 37.
903 2730 969 2775 38.

345 2798 387 2854 4)
417 2798 496 2840 Ed.
527 2800 681 2842 Ruaei:
712 2799 1002 2859 κακούμενοι,
1032 2801 1097 2845 ἐπ’
1133 2802 1318 2858 ἐρημίας
1346 2803 1434 2843 xz).-
