<?xml version="1.0" encoding="UTF-8"?>
<!DOCTYPE html PUBLIC "-//W3C//DTD XHTML 1.0 Transitional//EN"
    "http://www.w3.org/TR/xhtml1/DTD/xhtml1-transitional.dtd">
<html xmlns="http://www.w3.org/1999/xhtml" xml:lang="en" lang="en">
 <head>
  <title>
</title>
<meta http-equiv="Content-Type" content="text/html;charset=utf-8" />
  <meta name='ocr-system' content='tesseract 3.04.00' />
  <meta name='ocr-capabilities' content='ocr_page ocr_carea ocr_par ocr_line ocrx_word'/>
</head>
<body>
  <div class='ocr_page' id='page_1' title='image "./operaomniaquaegr15orig_0077.png"; bbox 0 0 1734 3112; ppageno 0'>
   <div class='ocr_carea' id='block_1_1' title="bbox 647 95 1486 140">
    <p class='ocr_par' dir='ltr' id='par_1_1' title="bbox 647 95 1486 140">
     <span class='ocr_line' id='line_1_1' title="bbox 647 95 1486 140; baseline 0.002 -2"><span class='ocrx_word' id='word_1_1' title='bbox 647 97 789 139; x_wconf 67' lang='lat' dir='ltr'>Lmen</span> <span class='ocrx_word' id='word_1_2' title='bbox 818 98 897 139; x_wconf 89' lang='lat' dir='ltr'><strong>III.</strong></span> <span class='ocrx_word' id='word_1_3' title='bbox 1432 95 1486 140; x_wconf 85' lang='lat'>63</span> 
     </span>
    </p>
   </div>
   <div class='ocr_carea' id='block_1_2' title="bbox 60 208 1487 1982">
    <p class='ocr_par' dir='ltr' id='par_1_2' title="bbox 60 208 1487 1982">
     <span class='ocr_line' id='line_1_2' title="bbox 69 208 1487 265; baseline -0.001 -14"><span class='ocrx_word' id='word_1_4' title='bbox 69 209 172 251; x_wconf 78' lang='lat' dir='ltr'>retia</span> <span class='ocrx_word' id='word_1_5' title='bbox 202 210 476 251; x_wconf 82' lang='lat' dir='ltr'>fenestrarum</span> <span class='ocrx_word' id='word_1_6' title='bbox 506 209 750 265; x_wconf 84' lang='lat' dir='ltr'>prospicere</span> <span class='ocrx_word' id='word_1_7' title='bbox 781 209 957 260; x_wconf 85' lang='lat' dir='ltr'>dicitur,</span> <span class='ocrx_word' id='word_1_8' title='bbox 1002 208 1109 250; x_wconf 85' lang='lat' dir='ltr'>illud</span> <span class='ocrx_word' id='word_1_9' title='bbox 1145 208 1232 250; x_wconf 87' lang='lat' dir='ltr'>sine</span> <span class='ocrx_word' id='word_1_10' title='bbox 1264 209 1394 251; x_wconf 85' lang='lat' dir='ltr'>dubio</span> <span class='ocrx_word' id='word_1_11' title='bbox 1423 210 1487 251; x_wconf 87' lang='lat' dir='ltr'>in-</span> 
     </span>
     <span class='ocr_line' id='line_1_3' title="bbox 71 286 1486 345; baseline 0 -17"><span class='ocrx_word' id='word_1_12' title='bbox 71 287 204 338; x_wconf 78' lang='lat' dir='ltr'>dicat,</span> <span class='ocrx_word' id='word_1_13' title='bbox 249 287 387 344; x_wconf 87' lang='lat' dir='ltr'>quod,</span> <span class='ocrx_word' id='word_1_14' title='bbox 431 288 566 328; x_wconf 89' lang='lat' dir='ltr'>donec</span> <span class='ocrx_word' id='word_1_15' title='bbox 615 287 657 328; x_wconf 89' lang='lat' dir='ltr'>in</span> <span class='ocrx_word' id='word_1_16' title='bbox 697 289 828 328; x_wconf 88' lang='lat' dir='ltr'>domo</span> <span class='ocrx_word' id='word_1_17' title='bbox 875 286 996 345; x_wconf 86' lang='lat' dir='ltr'>hujus</span> <span class='ocrx_word' id='word_1_18' title='bbox 1035 287 1225 343; x_wconf 85' lang='lat' dir='ltr'>eorporis</span> <span class='ocrx_word' id='word_1_19' title='bbox 1259 287 1398 342; x_wconf 86' lang='lat' dir='ltr'>posita</span> <span class='ocrx_word' id='word_1_20' title='bbox 1434 287 1486 328; x_wconf 87' lang='lat' dir='ltr'>sit</span> 
     </span>
     <span class='ocr_line' id='line_1_4' title="bbox 69 364 1487 423; baseline 0 -17"><span class='ocrx_word' id='word_1_21' title='bbox 69 364 226 416; x_wconf 82' lang='lat' dir='ltr'>anima,</span> <span class='ocrx_word' id='word_1_22' title='bbox 264 381 350 406; x_wconf 85' lang='lat' dir='ltr'>non</span> <span class='ocrx_word' id='word_1_23' title='bbox 378 377 521 421; x_wconf 90' lang='lat' dir='ltr'>potest</span> <span class='ocrx_word' id='word_1_24' title='bbox 550 366 706 407; x_wconf 77' lang='lat' dir='ltr'>nudam</span> <span class='ocrx_word' id='word_1_25' title='bbox 738 378 779 407; x_wconf 90' lang='lat' dir='ltr'>et</span> <span class='ocrx_word' id='word_1_26' title='bbox 809 377 997 423; x_wconf 86' lang='lat' dir='ltr'>apertam</span> <span class='ocrx_word' id='word_1_27' title='bbox 1027 364 1113 406; x_wconf 85' lang='lat' dir='ltr'>Dei</span> <span class='ocrx_word' id='word_1_28' title='bbox 1142 364 1390 421; x_wconf 80' lang='lat' dir='ltr'>sapientiam</span> <span class='ocrx_word' id='word_1_29' title='bbox 1422 381 1487 406; x_wconf 82' lang='lat' dir='ltr'>ca-</span> 
     </span>
     <span class='ocr_line' id='line_1_5' title="bbox 69 442 1486 501; baseline -0.001 -17"><span class='ocrx_word' id='word_1_30' title='bbox 69 459 183 499; x_wconf 87' lang='lat' dir='ltr'>pere,</span> <span class='ocrx_word' id='word_1_31' title='bbox 213 443 287 484; x_wconf 85' lang='lat' dir='ltr'>sed</span> <span class='ocrx_word' id='word_1_32' title='bbox 315 459 392 500; x_wconf 90' lang='lat' dir='ltr'>per</span> <span class='ocrx_word' id='word_1_33' title='bbox 423 444 615 500; x_wconf 84' lang='lat' dir='ltr'>exempla</span> <span class='ocrx_word' id='word_1_34' title='bbox 645 445 862 501; x_wconf 83' lang='lat' dir='ltr'>quaedam,</span> <span class='ocrx_word' id='word_1_35' title='bbox 894 456 935 485; x_wconf 87' lang='lat' dir='ltr'>et</span> <span class='ocrx_word' id='word_1_36' title='bbox 954 442 1111 485; x_wconf 82' lang='lat' dir='ltr'>indicia</span> <span class='ocrx_word' id='word_1_37' title='bbox 1133 455 1256 500; x_wconf 85' lang='lat' dir='ltr'>atque</span> <span class='ocrx_word' id='word_1_38' title='bbox 1286 442 1486 496; x_wconf 83' lang='lat' dir='ltr'>imagines</span> 
     </span>
     <span class='ocr_line' id='line_1_6' title="bbox 68 519 1486 578; baseline 0 -16"><span class='ocrx_word' id='word_1_39' title='bbox 68 537 206 562; x_wconf 86' lang='lat' dir='ltr'>rerum</span> <span class='ocrx_word' id='word_1_40' title='bbox 235 519 477 562; x_wconf 84' lang='lat' dir='ltr'>visibilium.</span> <span class='ocrx_word' id='word_1_41' title='bbox 530 521 623 573; x_wconf 77' lang='lat' dir='ltr'>Illa,</span> <span class='ocrx_word' id='word_1_42' title='bbox 656 539 760 578; x_wconf 84' lang='lat' dir='ltr'>quae</span> <span class='ocrx_word' id='word_1_43' title='bbox 790 534 886 564; x_wconf 86' lang='lat' dir='ltr'>sunt</span> <span class='ocrx_word' id='word_1_44' title='bbox 919 521 1145 563; x_wconf 84' lang='lat' dir='ltr'>invisibilia</span> <span class='ocrx_word' id='word_1_45' title='bbox 1163 533 1203 563; x_wconf 90' lang='lat' dir='ltr'>et</span> <span class='ocrx_word' id='word_1_46' title='bbox 1220 522 1486 577; x_wconf 78' lang='lat' dir='ltr'>incorporea,</span> 
     </span>
     <span class='ocr_line' id='line_1_7' title="bbox 67 598 1486 657; baseline 0 -17"><span class='ocrx_word' id='word_1_47' title='bbox 67 600 396 655; x_wconf 81' lang='lat' dir='ltr'>contemplatur:</span> <span class='ocrx_word' id='word_1_48' title='bbox 445 610 484 640; x_wconf 85' lang='lat' dir='ltr'>et</span> <span class='ocrx_word' id='word_1_49' title='bbox 520 598 601 640; x_wconf 92' lang='lat' dir='ltr'>hoc</span> <span class='ocrx_word' id='word_1_50' title='bbox 641 612 723 650; x_wconf 83' lang='lat' dir='ltr'>est,</span> <span class='ocrx_word' id='word_1_51' title='bbox 772 600 1018 657; x_wconf 78' lang='lat' dir='ltr'>prospicere</span> <span class='ocrx_word' id='word_1_52' title='bbox 1056 601 1109 641; x_wconf 80' lang='lat' dir='ltr'>ad</span> <span class='ocrx_word' id='word_1_53' title='bbox 1150 614 1242 641; x_wconf 81' lang='lat' dir='ltr'>eam</span> <span class='ocrx_word' id='word_1_54' title='bbox 1282 616 1486 657; x_wconf 86' lang='lat' dir='ltr'>sponsum</span> 
     </span>
     <span class='ocr_line' id='line_1_8' title="bbox 64 677 1487 735; baseline 0.001 -18"><span class='ocrx_word' id='word_1_55' title='bbox 64 692 141 733; x_wconf 87' lang='lat' dir='ltr'>per</span> <span class='ocrx_word' id='word_1_56' title='bbox 178 677 283 719; x_wconf 89' lang='lat' dir='ltr'>retia</span> <span class='ocrx_word' id='word_1_57' title='bbox 310 677 599 719; x_wconf 78' lang='lat' dir='ltr'>fenestrarum.</span> <span class='ocrx_word' id='word_1_58' title='bbox 659 677 706 721; x_wconf 87' lang='lat' dir='ltr'>Si</span> <span class='ocrx_word' id='word_1_59' title='bbox 738 695 836 720; x_wconf 76' lang='lat' dir='ltr'>vero</span> <span class='ocrx_word' id='word_1_60' title='bbox 878 679 928 720; x_wconf 89' lang='lat' dir='ltr'>de</span> <span class='ocrx_word' id='word_1_61' title='bbox 963 678 1128 721; x_wconf 85' lang='lat' dir='ltr'>Christo</span> <span class='ocrx_word' id='word_1_62' title='bbox 1159 678 1316 735; x_wconf 85' lang='lat' dir='ltr'>haec¹)</span> <span class='ocrx_word' id='word_1_63' title='bbox 1349 690 1390 719; x_wconf 90' lang='lat' dir='ltr'>et</span> <span class='ocrx_word' id='word_1_64' title='bbox 1420 695 1487 719; x_wconf 49' lang='lat' dir='ltr'>eea</span> 
     </span>
     <span class='ocr_line' id='line_1_9' title="bbox 65 754 1487 814; baseline 0.001 -18"><span class='ocrx_word' id='word_1_65' title='bbox 65 754 191 796; x_wconf 83' lang='lat' dir='ltr'>clesia</span> <span class='ocrx_word' id='word_1_66' title='bbox 220 771 498 812; x_wconf 81' lang='lat' dir='ltr'>exponamus,</span> <span class='ocrx_word' id='word_1_67' title='bbox 530 756 704 806; x_wconf 85' lang='lat' dir='ltr'>domus,</span> <span class='ocrx_word' id='word_1_68' title='bbox 734 755 776 797; x_wconf 88' lang='lat' dir='ltr'>in</span> <span class='ocrx_word' id='word_1_69' title='bbox 809 772 891 814; x_wconf 82' lang='lat' dir='ltr'>qua</span> <span class='ocrx_word' id='word_1_70' title='bbox 919 756 1135 813; x_wconf 81' lang='lat' dir='ltr'>habitat2)</span> <span class='ocrx_word' id='word_1_71' title='bbox 1168 755 1356 807; x_wconf 87' lang='lat' dir='ltr'>ecclesia,</span> <span class='ocrx_word' id='word_1_72' title='bbox 1385 755 1487 798; x_wconf 82' lang='lat' dir='ltr'>scri-</span> 
     </span>
     <span class='ocr_line' id='line_1_10' title="bbox 60 833 1486 892; baseline 0.001 -18"><span class='ocrx_word' id='word_1_73' title='bbox 60 844 208 888; x_wconf 84' lang='lat' dir='ltr'>pturae</span> <span class='ocrx_word' id='word_1_74' title='bbox 240 845 336 875; x_wconf 86' lang='lat' dir='ltr'>sunt</span> <span class='ocrx_word' id='word_1_75' title='bbox 366 833 468 888; x_wconf 82' lang='lat' dir='ltr'>legis</span> <span class='ocrx_word' id='word_1_76' title='bbox 499 846 541 876; x_wconf 90' lang='lat' dir='ltr'>et</span> <span class='ocrx_word' id='word_1_77' title='bbox 567 834 884 892; x_wconf 74' lang='lat' dir='ltr'>prophetarum;</span> <span class='ocrx_word' id='word_1_78' title='bbox 931 835 996 876; x_wconf 86' lang='lat' dir='ltr'>Ibi</span> <span class='ocrx_word' id='word_1_79' title='bbox 1028 835 1139 877; x_wconf 84' lang='lat' dir='ltr'>enim</span> <span class='ocrx_word' id='word_1_80' title='bbox 1170 847 1211 877; x_wconf 89' lang='lat' dir='ltr'>et</span> <span class='ocrx_word' id='word_1_81' title='bbox 1242 834 1486 877; x_wconf 88' lang='lat' dir='ltr'>cubiculum</span> 
     </span>
     <span class='ocr_line' id='line_1_11' title="bbox 62 908 1483 971; baseline 0 -19"><span class='ocrx_word' id='word_1_82' title='bbox 62 911 169 965; x_wconf 83' lang='lat' dir='ltr'>regis</span> <span class='ocrx_word' id='word_1_83' title='bbox 200 923 262 953; x_wconf 91' lang='lat' dir='ltr'>est</span> <span class='ocrx_word' id='word_1_84' title='bbox 293 912 488 954; x_wconf 85' lang='lat' dir='ltr'>omnihus</span> <span class='ocrx_word' id='word_1_85' title='bbox 521 912 677 955; x_wconf 79' lang='lat' dir='ltr'>divitiis</span> <span class='ocrx_word' id='word_1_86' title='bbox 706 908 903 955; x_wconf 75' lang='lat' dir='ltr'>scientiae</span> <span class='ocrx_word' id='word_1_87' title='bbox 934 930 982 955; x_wconf 88' lang='lat' dir='ltr'>ac</span> <span class='ocrx_word' id='word_1_88' title='bbox 1001 913 1229 971; x_wconf 80' lang='lat' dir='ltr'>sapientiae</span> <span class='ocrx_word' id='word_1_89' title='bbox 1257 913 1483 970; x_wconf 86' lang='lat' dir='ltr'>repletum.</span> 
     </span>
     <span class='ocr_line' id='line_1_12' title="bbox 63 986 1485 1050; baseline 0 -19"><span class='ocrx_word' id='word_1_90' title='bbox 63 986 127 1031; x_wconf 88' lang='lat' dir='ltr'>lbi</span> <span class='ocrx_word' id='word_1_91' title='bbox 158 1001 199 1031; x_wconf 91' lang='lat' dir='ltr'>et</span> <span class='ocrx_word' id='word_1_92' title='bbox 228 991 379 1033; x_wconf 87' lang='lat' dir='ltr'>domus</span> <span class='ocrx_word' id='word_1_93' title='bbox 410 991 521 1042; x_wconf 81' lang='lat' dir='ltr'>vini,</span> <span class='ocrx_word' id='word_1_94' title='bbox 553 991 745 1033; x_wconf 84' lang='lat' dir='ltr'>doctrina</span> <span class='ocrx_word' id='word_1_95' title='bbox 775 991 937 1033; x_wconf 86' lang='lat' dir='ltr'>scilicet</span> <span class='ocrx_word' id='word_1_96' title='bbox 973 992 1038 1033; x_wconf 89' lang='lat' dir='ltr'>vel</span> <span class='ocrx_word' id='word_1_97' title='bbox 1067 990 1263 1050; x_wconf 76' lang='lat' dir='ltr'>mystica,</span> <span class='ocrx_word' id='word_1_98' title='bbox 1293 990 1364 1032; x_wconf 80' lang='lat' dir='ltr'>vel</span> <span class='ocrx_word' id='word_1_99' title='bbox 1392 1007 1485 1032; x_wconf 90' lang='lat' dir='ltr'>mo-</span> 
     </span>
     <span class='ocr_line' id='line_1_13' title="bbox 65 1066 1485 1125; baseline 0.002 -18"><span class='ocrx_word' id='word_1_100' title='bbox 65 1066 185 1118; x_wconf 86' lang='lat' dir='ltr'>ralis,</span> <span class='ocrx_word' id='word_1_101' title='bbox 229 1085 333 1125; x_wconf 87' lang='lat' dir='ltr'>quae</span> <span class='ocrx_word' id='word_1_102' title='bbox 366 1069 566 1112; x_wconf 82' lang='lat' dir='ltr'>laetificat</span> <span class='ocrx_word' id='word_1_103' title='bbox 597 1087 670 1112; x_wconf 92' lang='lat' dir='ltr'>cor</span> <span class='ocrx_word' id='word_1_104' title='bbox 698 1069 893 1111; x_wconf 88' lang='lat' dir='ltr'>hominis.</span> <span class='ocrx_word' id='word_1_105' title='bbox 954 1069 1194 1112; x_wconf 84' lang='lat' dir='ltr'>Adveniens</span> <span class='ocrx_word' id='word_1_106' title='bbox 1235 1086 1332 1122; x_wconf 84' lang='lat' dir='ltr'>ergo</span> <span class='ocrx_word' id='word_1_107' title='bbox 1365 1068 1485 1111; x_wconf 84' lang='lat' dir='ltr'>Chri-</span> 
     </span>
     <span class='ocr_line' id='line_1_14' title="bbox 63 1146 1484 1206; baseline 0 -19"><span class='ocrx_word' id='word_1_108' title='bbox 63 1157 171 1196; x_wconf 84' lang='lat' dir='ltr'>stus,</span> <span class='ocrx_word' id='word_1_109' title='bbox 215 1147 331 1189; x_wconf 87' lang='lat' dir='ltr'>stetit</span> <span class='ocrx_word' id='word_1_110' title='bbox 368 1148 591 1205; x_wconf 88' lang='lat' dir='ltr'>paululum</span> <span class='ocrx_word' id='word_1_111' title='bbox 638 1160 737 1206; x_wconf 88' lang='lat' dir='ltr'>post</span> <span class='ocrx_word' id='word_1_112' title='bbox 775 1148 983 1205; x_wconf 83' lang='lat' dir='ltr'>parietem</span> <span class='ocrx_word' id='word_1_113' title='bbox 1033 1148 1183 1190; x_wconf 84' lang='lat' dir='ltr'>veteris</span> <span class='ocrx_word' id='word_1_114' title='bbox 1233 1146 1484 1188; x_wconf 83' lang='lat' dir='ltr'>testamenti.</span> 
     </span>
     <span class='ocr_line' id='line_1_15' title="bbox 65 1223 1484 1283; baseline 0.001 -20"><span class='ocrx_word' id='word_1_115' title='bbox 65 1223 191 1265; x_wconf 88' lang='lat' dir='ltr'>Stetit</span> <span class='ocrx_word' id='word_1_116' title='bbox 231 1224 340 1266; x_wconf 89' lang='lat' dir='ltr'>enim</span> <span class='ocrx_word' id='word_1_117' title='bbox 379 1237 477 1282; x_wconf 87' lang='lat' dir='ltr'>post</span> <span class='ocrx_word' id='word_1_118' title='bbox 526 1226 756 1283; x_wconf 88' lang='lat' dir='ltr'>parietem,</span> <span class='ocrx_word' id='word_1_119' title='bbox 805 1243 900 1268; x_wconf 88' lang='lat' dir='ltr'>cum</span> <span class='ocrx_word' id='word_1_120' title='bbox 937 1243 1023 1267; x_wconf 89' lang='lat' dir='ltr'>non</span> <span class='ocrx_word' id='word_1_121' title='bbox 1059 1226 1397 1268; x_wconf 85' lang='lat' dir='ltr'>manifestaretur</span> <span class='ocrx_word' id='word_1_122' title='bbox 1431 1224 1484 1265; x_wconf 82' lang='lat' dir='ltr'>ad</span> 
     </span>
     <span class='ocr_line' id='line_1_16' title="bbox 62 1302 1485 1361; baseline 0.001 -19"><span class='ocrx_word' id='word_1_123' title='bbox 62 1302 292 1358; x_wconf 87' lang='lat' dir='ltr'>populum:</span> <span class='ocrx_word' id='word_1_124' title='bbox 324 1303 398 1345; x_wconf 85' lang='lat' dir='ltr'>ubi</span> <span class='ocrx_word' id='word_1_125' title='bbox 428 1320 529 1345; x_wconf 80' lang='lat' dir='ltr'>vero</span> <span class='ocrx_word' id='word_1_126' title='bbox 561 1304 685 1346; x_wconf 84' lang='lat' dir='ltr'>affuit</span> <span class='ocrx_word' id='word_1_127' title='bbox 713 1316 902 1361; x_wconf 89' lang='lat' dir='ltr'>tempus,</span> <span class='ocrx_word' id='word_1_128' title='bbox 936 1317 977 1346; x_wconf 90' lang='lat' dir='ltr'>et</span> <span class='ocrx_word' id='word_1_129' title='bbox 1008 1304 1150 1360; x_wconf 87' lang='lat' dir='ltr'>coepit</span> <span class='ocrx_word' id='word_1_130' title='bbox 1179 1321 1256 1360; x_wconf 85' lang='lat' dir='ltr'>per</span> <span class='ocrx_word' id='word_1_131' title='bbox 1285 1304 1485 1344; x_wconf 83' lang='lat' dir='ltr'>fenestras</span> 
     </span>
     <span class='ocr_line' id='line_1_17' title="bbox 63 1377 1486 1438; baseline 0.001 -19"><span class='ocrx_word' id='word_1_132' title='bbox 63 1377 165 1431; x_wconf 86' lang='lat' dir='ltr'>legis</span> <span class='ocrx_word' id='word_1_133' title='bbox 196 1396 243 1421; x_wconf 88' lang='lat' dir='ltr'>ac</span> <span class='ocrx_word' id='word_1_134' title='bbox 272 1382 597 1438; x_wconf 82' lang='lat' dir='ltr'>prophetarum,</span> <span class='ocrx_word' id='word_1_135' title='bbox 639 1399 718 1438; x_wconf 91' lang='lat' dir='ltr'>per</span> <span class='ocrx_word' id='word_1_136' title='bbox 749 1399 795 1423; x_wconf 82' lang='lat' dir='ltr'>ea</span> <span class='ocrx_word' id='word_1_137' title='bbox 835 1382 1017 1432; x_wconf 84' lang='lat' dir='ltr'>scilicet,</span> <span class='ocrx_word' id='word_1_138' title='bbox 1058 1398 1162 1438; x_wconf 88' lang='lat' dir='ltr'>quae</span> <span class='ocrx_word' id='word_1_139' title='bbox 1196 1383 1247 1423; x_wconf 87' lang='lat' dir='ltr'>de</span> <span class='ocrx_word' id='word_1_140' title='bbox 1284 1397 1334 1422; x_wconf 89' lang='lat' dir='ltr'>eo</span> <span class='ocrx_word' id='word_1_141' title='bbox 1365 1396 1486 1437; x_wconf 81' lang='lat' dir='ltr'>prae-</span> 
     </span>
     <span class='ocr_line' id='line_1_18' title="bbox 66 1456 1485 1516; baseline 0.001 -19"><span class='ocrx_word' id='word_1_142' title='bbox 66 1456 201 1498; x_wconf 83' lang='lat' dir='ltr'>dicata</span> <span class='ocrx_word' id='word_1_143' title='bbox 238 1458 425 1509; x_wconf 76' lang='lat' dir='ltr'>fixerant,</span> <span class='ocrx_word' id='word_1_144' title='bbox 473 1476 696 1516; x_wconf 83' lang='lat' dir='ltr'>apparere,</span> <span class='ocrx_word' id='word_1_145' title='bbox 745 1473 786 1501; x_wconf 91' lang='lat' dir='ltr'>et</span> <span class='ocrx_word' id='word_1_146' title='bbox 825 1460 1046 1501; x_wconf 87' lang='lat' dir='ltr'>ostendere</span> <span class='ocrx_word' id='word_1_147' title='bbox 1074 1476 1117 1500; x_wconf 88' lang='lat' dir='ltr'>se</span> <span class='ocrx_word' id='word_1_148' title='bbox 1150 1458 1348 1500; x_wconf 83' lang='lat' dir='ltr'>ecclesiae</span> <span class='ocrx_word' id='word_1_149' title='bbox 1379 1458 1485 1499; x_wconf 79' lang='lat' dir='ltr'>intra</span> 
     </span>
     <span class='ocr_line' id='line_1_19' title="bbox 66 1526 1486 1593; baseline 0.002 -19"><span class='ocrx_word' id='word_1_150' title='bbox 66 1534 263 1586; x_wconf 87' lang='lat' dir='ltr'>domum,</span> <span class='ocrx_word' id='word_1_151' title='bbox 311 1536 392 1576; x_wconf 85' lang='lat' dir='ltr'>hoc</span> <span class='ocrx_word' id='word_1_152' title='bbox 425 1526 506 1587; x_wconf 80' lang='lat' dir='ltr'>est,</span> <span class='ocrx_word' id='word_1_153' title='bbox 550 1536 657 1578; x_wconf 84' lang='lat' dir='ltr'>intra</span> <span class='ocrx_word' id='word_1_154' title='bbox 688 1537 870 1579; x_wconf 83' lang='lat' dir='ltr'>litteram</span> <span class='ocrx_word' id='word_1_155' title='bbox 901 1537 1002 1591; x_wconf 85' lang='lat' dir='ltr'>legis</span> <span class='ocrx_word' id='word_1_156' title='bbox 1047 1537 1231 1588; x_wconf 85' lang='lat' dir='ltr'>sedenti,</span> <span class='ocrx_word' id='word_1_157' title='bbox 1279 1547 1486 1593; x_wconf 79' lang='lat' dir='ltr'>provocat</span> 
     </span>
     <span class='ocr_line' id='line_1_20' title="bbox 66 1612 1486 1666; baseline 0.003 -14"><span class='ocrx_word' id='word_1_158' title='bbox 66 1628 157 1653; x_wconf 83' lang='lat' dir='ltr'>eam</span> <span class='ocrx_word' id='word_1_159' title='bbox 187 1612 283 1653; x_wconf 85' lang='lat' dir='ltr'>inde</span> <span class='ocrx_word' id='word_1_160' title='bbox 315 1613 452 1665; x_wconf 80' lang='lat' dir='ltr'>exire,</span> <span class='ocrx_word' id='word_1_161' title='bbox 500 1626 540 1655; x_wconf 89' lang='lat' dir='ltr'>et</span> <span class='ocrx_word' id='word_1_162' title='bbox 579 1615 721 1657; x_wconf 86' lang='lat' dir='ltr'>venire</span> <span class='ocrx_word' id='word_1_163' title='bbox 751 1617 864 1657; x_wconf 86' lang='lat' dir='ltr'>foras</span> <span class='ocrx_word' id='word_1_164' title='bbox 894 1616 946 1657; x_wconf 84' lang='lat' dir='ltr'>ad</span> <span class='ocrx_word' id='word_1_165' title='bbox 975 1631 1031 1657; x_wconf 87' lang='lat' dir='ltr'>se.</span> <span class='ocrx_word' id='word_1_166' title='bbox 1092 1615 1183 1657; x_wconf 72' lang='lat' dir='ltr'>Nisi</span> <span class='ocrx_word' id='word_1_167' title='bbox 1214 1614 1324 1656; x_wconf 88' lang='lat' dir='ltr'>enim</span> <span class='ocrx_word' id='word_1_168' title='bbox 1357 1626 1486 1666; x_wconf 83' lang='lat' dir='ltr'>exeat,</span> 
     </span>
     <span class='ocr_line' id='line_1_21' title="bbox 63 1688 1485 1749; baseline 0.002 -19"><span class='ocrx_word' id='word_1_169' title='bbox 63 1688 142 1730; x_wconf 87' lang='lat' dir='ltr'>nisi</span> <span class='ocrx_word' id='word_1_170' title='bbox 171 1692 397 1745; x_wconf 83' lang='lat' dir='ltr'>procedat,</span> <span class='ocrx_word' id='word_1_171' title='bbox 437 1703 478 1732; x_wconf 89' lang='lat' dir='ltr'>et</span> <span class='ocrx_word' id='word_1_172' title='bbox 508 1693 804 1748; x_wconf 85' lang='lat' dir='ltr'>progrediatur</span> <span class='ocrx_word' id='word_1_173' title='bbox 834 1710 856 1735; x_wconf 83' lang='lat' dir='ltr'>a</span> <span class='ocrx_word' id='word_1_174' title='bbox 886 1694 1025 1735; x_wconf 85' lang='lat' dir='ltr'>littera</span> <span class='ocrx_word' id='word_1_175' title='bbox 1060 1694 1114 1734; x_wconf 83' lang='lat' dir='ltr'>ad</span> <span class='ocrx_word' id='word_1_176' title='bbox 1142 1692 1360 1749; x_wconf 88' lang='lat' dir='ltr'>spiritum,</span> <span class='ocrx_word' id='word_1_177' title='bbox 1398 1708 1485 1734; x_wconf 86' lang='lat' dir='ltr'>non</span> 
     </span>
     <span class='ocr_line' id='line_1_22' title="bbox 63 1768 1486 1828; baseline 0.002 -20"><span class='ocrx_word' id='word_1_178' title='bbox 63 1778 205 1824; x_wconf 86' lang='lat' dir='ltr'>potest</span> <span class='ocrx_word' id='word_1_179' title='bbox 233 1785 389 1825; x_wconf 88' lang='lat' dir='ltr'>sponso</span> <span class='ocrx_word' id='word_1_180' title='bbox 430 1785 506 1810; x_wconf 91' lang='lat' dir='ltr'>suo</span> <span class='ocrx_word' id='word_1_181' title='bbox 542 1769 760 1827; x_wconf 84' lang='lat' dir='ltr'>conjungi,</span> <span class='ocrx_word' id='word_1_182' title='bbox 801 1788 938 1828; x_wconf 88' lang='lat' dir='ltr'>neque</span> <span class='ocrx_word' id='word_1_183' title='bbox 970 1771 1137 1813; x_wconf 82' lang='lat' dir='ltr'>Christo</span> <span class='ocrx_word' id='word_1_184' title='bbox 1176 1768 1340 1813; x_wconf 84' lang='lat' dir='ltr'>sociari.</span> <span class='ocrx_word' id='word_1_185' title='bbox 1398 1770 1486 1811; x_wconf 84' lang='lat' dir='ltr'>Vo-</span> 
     </span>
     <span class='ocr_line' id='line_1_23' title="bbox 65 1846 1486 1907; baseline 0.003 -21"><span class='ocrx_word' id='word_1_186' title='bbox 65 1856 130 1886; x_wconf 85' lang='lat' dir='ltr'>cat</span> <span class='ocrx_word' id='word_1_187' title='bbox 160 1861 257 1899; x_wconf 86' lang='lat' dir='ltr'>ergo</span> <span class='ocrx_word' id='word_1_188' title='bbox 291 1863 379 1888; x_wconf 88' lang='lat' dir='ltr'>eam</span> <span class='ocrx_word' id='word_1_189' title='bbox 397 1878 407 1897; x_wconf 93' lang='lat'>,</span> <span class='ocrx_word' id='word_1_190' title='bbox 440 1859 480 1888; x_wconf 90' lang='lat' dir='ltr'>et</span> <span class='ocrx_word' id='word_1_191' title='bbox 510 1846 659 1889; x_wconf 85' lang='lat' dir='ltr'>invitat</span> <span class='ocrx_word' id='word_1_192' title='bbox 689 1865 712 1890; x_wconf 81' lang='lat' dir='ltr'>a</span> <span class='ocrx_word' id='word_1_193' title='bbox 742 1849 975 1891; x_wconf 86' lang='lat' dir='ltr'>carnalibus</span> <span class='ocrx_word' id='word_1_194' title='bbox 1005 1851 1057 1891; x_wconf 83' lang='lat' dir='ltr'>ad</span> <span class='ocrx_word' id='word_1_195' title='bbox 1087 1849 1343 1907; x_wconf 85' lang='lat' dir='ltr'>spiritualia,</span> <span class='ocrx_word' id='word_1_196' title='bbox 1373 1866 1396 1891; x_wconf 85' lang='lat' dir='ltr'>a</span> <span class='ocrx_word' id='word_1_197' title='bbox 1426 1849 1486 1890; x_wconf 48' lang='lat' dir='ltr'>via</span> 
     </span>
     <span class='ocr_line' id='line_1_24' title="bbox 63 1921 1486 1982; baseline 0.004 -18"><span class='ocrx_word' id='word_1_198' title='bbox 63 1921 254 1965; x_wconf 85' lang='lat' dir='ltr'>sibilihus</span> <span class='ocrx_word' id='word_1_199' title='bbox 291 1925 343 1967; x_wconf 86' lang='lat' dir='ltr'>ad</span> <span class='ocrx_word' id='word_1_200' title='bbox 380 1924 629 1977; x_wconf 82' lang='lat' dir='ltr'>invisibilia,</span> <span class='ocrx_word' id='word_1_201' title='bbox 670 1943 693 1968; x_wconf 87' lang='lat' dir='ltr'>a</span> <span class='ocrx_word' id='word_1_202' title='bbox 735 1927 825 1980; x_wconf 88' lang='lat' dir='ltr'>lege</span> <span class='ocrx_word' id='word_1_203' title='bbox 865 1927 1006 1969; x_wconf 82' lang='lat' dir='ltr'>venire</span> <span class='ocrx_word' id='word_1_204' title='bbox 1048 1929 1101 1969; x_wconf 88' lang='lat' dir='ltr'>ed</span> <span class='ocrx_word' id='word_1_205' title='bbox 1139 1928 1362 1982; x_wconf 84' lang='lat' dir='ltr'>evangelia.</span> <span class='ocrx_word' id='word_1_206' title='bbox 1430 1928 1486 1969; x_wconf 83' lang='lat' dir='ltr'>Et</span> 
     </span>
    </p>
   </div>
   <div class='ocr_carea' id='block_1_3' title="bbox 63 1999 1486 2062">
    <p class='ocr_par' dir='ltr' id='par_1_3' title="bbox 63 1999 1486 2062">
     <span class='ocr_line' id='line_1_25' title="bbox 63 1999 1486 2062; baseline 0.005 -20"><span class='ocrx_word' id='word_1_207' title='bbox 63 1999 161 2043; x_wconf 87' lang='lat' dir='ltr'>ideo</span> <span class='ocrx_word' id='word_1_208' title='bbox 193 2001 296 2045; x_wconf 85' lang='lat' dir='ltr'>dicit</span> <span class='ocrx_word' id='word_1_209' title='bbox 326 2002 385 2045; x_wconf 85' lang='lat' dir='ltr'>ei:</span> <span class='ocrx_word' id='word_1_210' title='bbox 422 2019 582 2058; x_wconf 83' lang='lat' dir='ltr'>„surge</span> <span class='ocrx_word' id='word_1_211' title='bbox 596 2003 652 2059; x_wconf 80' lang='grc'>3),</span> <span class='ocrx_word' id='word_1_212' title='bbox 685 2005 780 2046; x_wconf 81' lang='lat' dir='ltr'>veni</span> <span class='ocrx_word' id='word_1_213' title='bbox 809 2005 1000 2062; x_wconf 77' lang='lat' dir='ltr'>proxima</span> <span class='ocrx_word' id='word_1_214' title='bbox 1029 2022 1136 2059; x_wconf 82' lang='lat' dir='ltr'>mea,</span> <span class='ocrx_word' id='word_1_215' title='bbox 1164 2007 1353 2049; x_wconf 81' lang='lat' dir='ltr'>formosa</span> <span class='ocrx_word' id='word_1_216' title='bbox 1378 2022 1486 2059; x_wconf 84' lang='lat' dir='ltr'>mea,</span> 
     </span>
    </p>
   </div>
   <div class='ocr_carea' id='block_1_4' title="bbox 63 2212 1490 2913">
    <p class='ocr_par' dir='ltr' id='par_1_4' title="bbox 183 2212 878 2269">
     <span class='ocr_line' id='line_1_26' title="bbox 183 2212 878 2269; baseline 0.012 -16"><span class='ocrx_word' id='word_1_217' title='bbox 183 2212 222 2269; x_wconf 83' lang='lat'>¹)</span> <span class='ocrx_word' id='word_1_218' title='bbox 251 2212 383 2256; x_wconf 85' lang='lat' dir='ltr'>Deest</span> <span class='ocrx_word' id='word_1_219' title='bbox 412 2215 586 2266; x_wconf 84' lang='lat' dir='ltr'>‚,haec“</span> <span class='ocrx_word' id='word_1_220' title='bbox 618 2215 660 2259; x_wconf 90' lang='lat' dir='ltr'>in</span> <span class='ocrx_word' id='word_1_221' title='bbox 691 2218 786 2261; x_wconf 85' lang='lat' dir='ltr'>edd.</span> <span class='ocrx_word' id='word_1_222' title='bbox 819 2218 878 2261; x_wconf 84' lang='lat' dir='ltr'>M.</span> 
     </span>
    </p>

    <p class='ocr_par' dir='ltr' id='par_1_5' title="bbox 180 2282 782 2337">
     <span class='ocr_line' id='line_1_27' title="bbox 180 2282 782 2337; baseline 0.013 -14"><span class='ocrx_word' id='word_1_223' title='bbox 180 2282 223 2337; x_wconf 75' lang='lat'>2)</span> <span class='ocrx_word' id='word_1_224' title='bbox 252 2282 332 2325; x_wconf 85' lang='lat' dir='ltr'>Ed.</span> <span class='ocrx_word' id='word_1_225' title='bbox 362 2285 517 2327; x_wconf 83' lang='lat' dir='ltr'>Ruaei:</span> <span class='ocrx_word' id='word_1_226' title='bbox 558 2287 782 2331; x_wconf 87' lang='lat' dir='ltr'>habitabat.</span> 
     </span>
    </p>

    <p class='ocr_par' dir='ltr' id='par_1_6' title="bbox 63 2351 1490 2913">
     <span class='ocr_line' id='line_1_28' title="bbox 183 2351 1488 2419; baseline 0.011 -26"><span class='ocrx_word' id='word_1_227' title='bbox 183 2351 227 2408; x_wconf 80' lang='lat'>³)</span> <span class='ocrx_word' id='word_1_228' title='bbox 259 2352 486 2407; x_wconf 81' lang='lat' dir='ltr'>Cantic.II‚</span> <span class='ocrx_word' id='word_1_229' title='bbox 510 2357 575 2402; x_wconf 89' lang='lat'>10.</span> <span class='ocrx_word' id='word_1_230' title='bbox 592 2383 642 2392; x_wconf 93' lang='lat'>—-</span> <span class='ocrx_word' id='word_1_231' title='bbox 659 2358 897 2416; x_wconf 87' lang='lat' dir='ltr'>Procopius</span> <span class='ocrx_word' id='word_1_232' title='bbox 919 2375 965 2401; x_wconf 83' lang='lat' dir='ltr'>ex</span> <span class='ocrx_word' id='word_1_233' title='bbox 978 2357 1183 2413; x_wconf 82' lang='lat' dir='ltr'>Origene:</span> <span class='ocrx_word' id='word_1_234' title='bbox 1216 2358 1488 2419; x_wconf 74' lang='grc' dir='ltr'><strong><em>,,’Λνάστα,“</em></strong></span> 
     </span>
     <span class='ocr_line' id='line_1_29' title="bbox 66 2421 1489 2495; baseline 0.012 -34"><span class='ocrx_word' id='word_1_235' title='bbox 66 2422 235 2479; x_wconf 84' lang='grc' dir='ltr'><strong><em>φησὶν,</em></strong></span> <span class='ocrx_word' id='word_1_236' title='bbox 285 2421 380 2492; x_wconf 56' lang='grc' dir='ltr'>(ἐπὸ</span> <span class='ocrx_word' id='word_1_237' title='bbox 418 2430 509 2471; x_wconf 82' lang='grc' dir='ltr'>τῶν</span> <span class='ocrx_word' id='word_1_238' title='bbox 547 2431 780 2484; x_wconf 74' lang='grc' dir='ltr'>αἰσθητῶν</span> <span class='ocrx_word' id='word_1_239' title='bbox 817 2429 930 2490; x_wconf 77' lang='grc' dir='ltr'><strong><em>πρὸς</em></strong></span> <span class='ocrx_word' id='word_1_240' title='bbox 966 2430 1019 2474; x_wconf 79' lang='grc' dir='ltr'>τὰ</span> <span class='ocrx_word' id='word_1_241' title='bbox 1063 2430 1225 2488; x_wconf 74' lang='grc' dir='ltr'><strong><em>νοητὰ,</em></strong></span> <span class='ocrx_word' id='word_1_242' title='bbox 1266 2435 1343 2476; x_wconf 80' lang='grc' dir='ltr'>ἵνα</span> <span class='ocrx_word' id='word_1_243' title='bbox 1377 2437 1489 2495; x_wconf 80' lang='grc' dir='ltr'><strong><em>συνῇ</em></strong></span> 
     </span>
     <span class='ocr_line' id='line_1_30' title="bbox 63 2491 1486 2561; baseline 0.01 -26"><span class='ocrx_word' id='word_1_244' title='bbox 63 2492 151 2549; x_wconf 84' lang='grc' dir='ltr'>μὲν</span> <span class='ocrx_word' id='word_1_245' title='bbox 182 2491 244 2535; x_wconf 78' lang='grc' dir='ltr'>δι’</span> <span class='ocrx_word' id='word_1_246' title='bbox 280 2494 345 2536; x_wconf 86' lang='grc' dir='ltr'>ὡν</span> <span class='ocrx_word' id='word_1_247' title='bbox 375 2494 487 2549; x_wconf 68' lang='grc' dir='ltr'>αὐτὰ</span> <span class='ocrx_word' id='word_1_248' title='bbox 515 2504 715 2555; x_wconf 77' lang='grc' dir='ltr'><strong><em>θεωρεῖς.</em></strong></span> <span class='ocrx_word' id='word_1_249' title='bbox 776 2499 854 2556; x_wconf 61' lang='grc' dir='ltr'>,ξΟ</span> <span class='ocrx_word' id='word_1_250' title='bbox 883 2501 973 2561; x_wconf 72' lang='grc' dir='ltr'>γὰρ</span> <span class='ocrx_word' id='word_1_251' title='bbox 997 2500 1177 2560; x_wconf 81' lang='grc' dir='ltr'><strong><em>χειμών</em></strong></span> <span class='ocrx_word' id='word_1_252' title='bbox 1205 2502 1428 2560; x_wconf 73' lang='grc' dir='ltr'>ἀπῆλθεν,</span> <span class='ocrx_word' id='word_1_253' title='bbox 1463 2504 1486 2548; x_wconf 83' lang='grc' dir='ltr'>ὁ</span> 
     </span>
     <span class='ocr_line' id='line_1_31' title="bbox 66 2559 1490 2630; baseline 0.011 -26"><span class='ocrx_word' id='word_1_254' title='bbox 66 2559 196 2612; x_wconf 79' lang='grc' dir='ltr'><strong><em>ὑετὸς</em></strong></span> <span class='ocrx_word' id='word_1_255' title='bbox 235 2561 502 2618; x_wconf 77' lang='grc' dir='ltr'><strong><em>ἅπῆλθεν.“</em></strong></span> <span class='ocrx_word' id='word_1_256' title='bbox 568 2574 797 2629; x_wconf 86' lang='grc' dir='ltr'><strong><em>Εἴποιμεν</em></strong></span> <span class='ocrx_word' id='word_1_257' title='bbox 835 2568 893 2615; x_wconf 73' lang='grc' dir='ltr'>ἂν</span> <span class='ocrx_word' id='word_1_258' title='bbox 934 2570 1065 2617; x_wconf 83' lang='grc' dir='ltr'><strong><em>ὑετὸν</em></strong></span> <span class='ocrx_word' id='word_1_259' title='bbox 1102 2578 1363 2630; x_wconf 75' lang='grc' dir='ltr'><strong><em>γεγονέναι,</em></strong></span> <span class='ocrx_word' id='word_1_260' title='bbox 1409 2571 1490 2619; x_wconf 79' lang='grc' dir='ltr'>τὸν</span> 
     </span>
     <span class='ocr_line' id='line_1_32' title="bbox 65 2631 1489 2702; baseline 0.008 -25"><span class='ocrx_word' id='word_1_261' title='bbox 65 2631 155 2692; x_wconf 84' lang='grc' dir='ltr'>πρὸ</span> <span class='ocrx_word' id='word_1_262' title='bbox 185 2635 260 2688; x_wconf 77' lang='grc' dir='ltr'>τῆς</span> <span class='ocrx_word' id='word_1_263' title='bbox 291 2635 534 2694; x_wconf 73' lang='grc' dir='ltr'><strong><em>ἐπιδημίας</em></strong></span> <span class='ocrx_word' id='word_1_264' title='bbox 574 2639 756 2700; x_wconf 81' lang='grc' dir='ltr'><strong><em>καιρὸν,</em></strong></span> <span class='ocrx_word' id='word_1_265' title='bbox 797 2645 877 2687; x_wconf 74' lang='grc' dir='ltr'>τοῦ</span> <span class='ocrx_word' id='word_1_266' title='bbox 907 2646 1018 2688; x_wconf 77' lang='grc' dir='ltr'><strong><em>θεοῦ</em></strong></span> <span class='ocrx_word' id='word_1_267' title='bbox 1048 2645 1364 2702; x_wconf 74' lang='grc' dir='ltr'>ἐντειλαμένου</span> <span class='ocrx_word' id='word_1_268' title='bbox 1393 2650 1489 2695; x_wconf 78' lang='grc' dir='ltr'><strong><em>ταῖς</em></strong></span> 
     </span>
     <span class='ocr_line' id='line_1_33' title="bbox 68 2703 1488 2773; baseline 0.01 -27"><span class='ocrx_word' id='word_1_269' title='bbox 68 2706 279 2760; x_wconf 77' lang='grc' dir='ltr'><strong><em>νεφέλαις</em></strong></span> <span class='ocrx_word' id='word_1_270' title='bbox 308 2703 406 2750; x_wconf 83' lang='grc' dir='ltr'><strong><em>ὕειν</em></strong></span> <span class='ocrx_word' id='word_1_271' title='bbox 435 2706 515 2751; x_wconf 82' lang='grc' dir='ltr'>τὸν</span> <span class='ocrx_word' id='word_1_272' title='bbox 545 2709 738 2766; x_wconf 83' lang='grc' dir='ltr'><strong><em>νομικὸν</em></strong></span> <span class='ocrx_word' id='word_1_273' title='bbox 771 2716 847 2755; x_wconf 85' lang='grc' dir='ltr'>καὶ</span> <span class='ocrx_word' id='word_1_274' title='bbox 879 2713 1167 2773; x_wconf 72' lang='grc' dir='ltr'><strong><em>προφητικὸν</em></strong></span> <span class='ocrx_word' id='word_1_275' title='bbox 1196 2713 1360 2770; x_wconf 75' lang='grc' dir='ltr'><strong><em>λόγον·</em></strong></span> <span class='ocrx_word' id='word_1_276' title='bbox 1399 2731 1488 2760; x_wconf 86' lang='grc' dir='ltr'><strong><em>πε·-</em></strong></span> 
     </span>
     <span class='ocr_line' id='line_1_34' title="bbox 65 2774 1486 2843; baseline 0.011 -29"><span class='ocrx_word' id='word_1_277' title='bbox 65 2774 271 2817; x_wconf 59' lang='lat' dir='ltr'>maceca</span> <span class='ocrx_word' id='word_1_278' title='bbox 303 2776 353 2820; x_wconf 75' lang='grc' dir='ltr'>δὲ</span> <span class='ocrx_word' id='word_1_279' title='bbox 383 2779 574 2832; x_wconf 77' lang='grc' dir='ltr'><strong><em>τοῦτον,</em></strong></span> <span class='ocrx_word' id='word_1_280' title='bbox 623 2779 780 2836; x_wconf 74' lang='grc' dir='ltr'><strong><em>ἐπειδὴ</em></strong></span> <span class='ocrx_word' id='word_1_281' title='bbox 811 2781 872 2839; x_wconf 84' lang='grc' dir='ltr'>,,ὁ</span> <span class='ocrx_word' id='word_1_282' title='bbox 905 2781 1045 2839; x_wconf 88' lang='grc' dir='ltr'><strong><em>νόμος</em></strong></span> <span class='ocrx_word' id='word_1_283' title='bbox 1073 2788 1150 2828; x_wconf 79' lang='grc' dir='ltr'>καὶ</span> <span class='ocrx_word' id='word_1_284' title='bbox 1183 2786 1226 2828; x_wconf 79' lang='grc' dir='ltr'>οἱ</span> <span class='ocrx_word' id='word_1_285' title='bbox 1252 2787 1486 2843; x_wconf 81' lang='grc' dir='ltr'><strong><em>προφῆται</em></strong></span> 
     </span>
     <span class='ocr_line' id='line_1_35' title="bbox 67 2839 1483 2913; baseline 0.011 -29"><span class='ocrx_word' id='word_1_286' title='bbox 67 2839 147 2891; x_wconf 76' lang='grc' dir='ltr'>ἕως</span> <span class='ocrx_word' id='word_1_287' title='bbox 171 2842 410 2890; x_wconf 77' lang='grc' dir='ltr'><strong><em>Ἰωάννου·</em></strong></span> <span class='ocrx_word' id='word_1_288' title='bbox 429 2849 457 2872; x_wconf 82' lang='grc'><strong>“</strong></span> <span class='ocrx_word' id='word_1_289' title='bbox 488 2848 568 2905; x_wconf 76' lang='grc' dir='ltr'>ἔαρ</span> <span class='ocrx_word' id='word_1_290' title='bbox 598 2849 649 2893; x_wconf 76' lang='grc' dir='ltr'>δὲ</span> <span class='ocrx_word' id='word_1_291' title='bbox 680 2853 755 2893; x_wconf 78' lang='grc' dir='ltr'>καὶ</span> <span class='ocrx_word' id='word_1_292' title='bbox 787 2855 933 2909; x_wconf 73' lang='grc' dir='ltr'><strong><em>θέρος,</em></strong></span> <span class='ocrx_word' id='word_1_293' title='bbox 965 2851 1079 2909; x_wconf 73' lang='grc' dir='ltr'>μετὰ</span> <span class='ocrx_word' id='word_1_294' title='bbox 1110 2852 1191 2908; x_wconf 77' lang='grc' dir='ltr'>τὴν</span> <span class='ocrx_word' id='word_1_295' title='bbox 1220 2854 1483 2913; x_wconf 77' lang='grc' dir='ltr'><strong><em>ἐπιδημίαν,</em></strong></span> 
     </span>
    </p>
   </div>
  </div>
 </body>
</html>
