<?xml version="1.0" encoding="UTF-8"?>
<!DOCTYPE html PUBLIC "-//W3C//DTD XHTML 1.0 Transitional//EN"
    "http://www.w3.org/TR/xhtml1/DTD/xhtml1-transitional.dtd">
<html xmlns="http://www.w3.org/1999/xhtml" xml:lang="en" lang="en">
 <head>
  <title>
</title>
<meta http-equiv="Content-Type" content="text/html;charset=utf-8" />
  <meta name='ocr-system' content='tesseract 3.04.00' />
  <meta name='ocr-capabilities' content='ocr_page ocr_carea ocr_par ocr_line ocrx_word'/>
</head>
<body>
  <div class='ocr_page' id='page_1' title='image "./operaomniaquaegr15orig/operaomniaquaegr15orig_0088.png"; bbox 0 0 1734 3112; ppageno 0'>
   <div class='ocr_carea' id='block_1_1' title="bbox 234 98 1378 150">
    <p class='ocr_par' dir='ltr' id='par_1_1' title="bbox 234 98 1378 150">
     <span class='ocr_line' id='line_1_1' title="bbox 234 98 1378 150; baseline 0.002 -9"><span class='ocrx_word' id='word_1_1' title='bbox 234 106 288 150; x_wconf 65' lang='lat'><strong>74</strong></span> <span class='ocrx_word' id='word_1_2' title='bbox 532 100 752 142; x_wconf 73' lang='lat' dir='ltr'><strong>OfflGENJs</strong></span> <span class='ocrx_word' id='word_1_3' title='bbox 785 112 829 141; x_wconf 83' lang='lat' dir='ltr'><strong>lN</strong></span> <span class='ocrx_word' id='word_1_4' title='bbox 861 98 1043 143; x_wconf 64' lang='lat' dir='ltr'>CANth.</span> <span class='ocrx_word' id='word_1_5' title='bbox 1078 100 1378 143; x_wconf 62' lang='lat' dir='ltr'><strong>emmenum</strong></span> 
     </span>
    </p>
   </div>
   <div class='ocr_carea' id='block_1_2' title="bbox 225 213 1676 2373">
    <p class='ocr_par' dir='ltr' id='par_1_2' title="bbox 230 213 1676 1676">
     <span class='ocr_line' id='line_1_2' title="bbox 233 213 1664 272; baseline -0.001 -12"><span class='ocrx_word' id='word_1_6' title='bbox 233 219 441 260; x_wconf 88' lang='lat' dir='ltr'><strong>tationum</strong></span> <span class='ocrx_word' id='word_1_7' title='bbox 471 213 674 272; x_wconf 86' lang='lat' dir='ltr'><strong>procellis</strong></span> <span class='ocrx_word' id='word_1_8' title='bbox 705 213 895 267; x_wconf 76' lang='lat' dir='ltr'>agitatur.</span> <span class='ocrx_word' id='word_1_9' title='bbox 950 214 1135 256; x_wconf 82' lang='lat' dir='ltr'><strong>Transiit</strong></span> <span class='ocrx_word' id='word_1_10' title='bbox 1167 231 1264 269; x_wconf 83' lang='lat' dir='ltr'><strong>ergo</strong></span> <span class='ocrx_word' id='word_1_11' title='bbox 1298 214 1430 256; x_wconf 87' lang='lat' dir='ltr'><strong>hiems</strong></span> <span class='ocrx_word' id='word_1_12' title='bbox 1464 216 1536 257; x_wconf 88' lang='lat' dir='ltr'><strong>ista</strong></span> <span class='ocrx_word' id='word_1_13' title='bbox 1570 235 1664 259; x_wconf 87' lang='lat' dir='ltr'><strong>cum</strong></span> 
     </span>
     <span class='ocr_line' id='line_1_3' title="bbox 235 290 1662 353; baseline -0.001 -15"><span class='ocrx_word' id='word_1_14' title='bbox 235 295 391 353; x_wconf 88' lang='lat' dir='ltr'><strong>pluviis</strong></span> <span class='ocrx_word' id='word_1_15' title='bbox 420 292 528 343; x_wconf 86' lang='lat' dir='ltr'><strong>suis,</strong></span> <span class='ocrx_word' id='word_1_16' title='bbox 573 290 678 333; x_wconf 78' lang='lat' dir='ltr'><strong>abiit</strong></span> <span class='ocrx_word' id='word_1_17' title='bbox 706 290 798 332; x_wconf 88' lang='lat' dir='ltr'><strong>sibi.</strong></span> <span class='ocrx_word' id='word_1_18' title='bbox 861 290 952 334; x_wconf 88' lang='lat' dir='ltr'><strong>Sibi</strong></span> <span class='ocrx_word' id='word_1_19' title='bbox 986 290 1095 333; x_wconf 87' lang='lat' dir='ltr'><strong>euim</strong></span> <span class='ocrx_word' id='word_1_20' title='bbox 1116 291 1154 348; x_wconf 89' lang='lat'><strong>¹)</strong></span> <span class='ocrx_word' id='word_1_21' title='bbox 1194 291 1478 350; x_wconf 85' lang='lat' dir='ltr'><strong>unusquisque</strong></span> <span class='ocrx_word' id='word_1_22' title='bbox 1509 293 1592 346; x_wconf 87' lang='lat' dir='ltr'><strong>egit</strong></span> <span class='ocrx_word' id='word_1_23' title='bbox 1621 294 1662 336; x_wconf 89' lang='lat' dir='ltr'><strong>in</strong></span> 
     </span>
     <span class='ocr_line' id='line_1_4' title="bbox 234 368 1665 428; baseline -0.001 -12"><span class='ocrx_word' id='word_1_24' title='bbox 234 374 311 416; x_wconf 86' lang='lat' dir='ltr'><strong>hac</strong></span> <span class='ocrx_word' id='word_1_25' title='bbox 341 372 426 415; x_wconf 80' lang='lat' dir='ltr'><strong>vita</strong></span> <span class='ocrx_word' id='word_1_26' title='bbox 456 386 605 421; x_wconf 89' lang='lat' dir='ltr'><strong>omne,</strong></span> <span class='ocrx_word' id='word_1_27' title='bbox 647 370 761 427; x_wconf 90' lang='lat' dir='ltr'><strong>quod</strong></span> <span class='ocrx_word' id='word_1_28' title='bbox 795 368 899 423; x_wconf 87' lang='lat' dir='ltr'><strong>egit;</strong></span> <span class='ocrx_word' id='word_1_29' title='bbox 937 368 1198 426; x_wconf 85' lang='lat' dir='ltr'><strong>principium</strong></span> <span class='ocrx_word' id='word_1_30' title='bbox 1229 385 1329 411; x_wconf 84' lang='lat' dir='ltr'><strong>vero</strong></span> <span class='ocrx_word' id='word_1_31' title='bbox 1370 371 1665 428; x_wconf 87' lang='lat' dir='ltr'><strong>repromissio-</strong></span> 
     </span>
     <span class='ocr_line' id='line_1_5' title="bbox 235 446 1662 507; baseline -0.001 -13"><span class='ocrx_word' id='word_1_32' title='bbox 235 468 337 494; x_wconf 87' lang='lat' dir='ltr'><strong>num</strong></span> <span class='ocrx_word' id='word_1_33' title='bbox 367 451 603 492; x_wconf 82' lang='lat' dir='ltr'><strong>futurarum</strong></span> <span class='ocrx_word' id='word_1_34' title='bbox 636 449 773 490; x_wconf 86' lang='lat' dir='ltr'><strong>flores.</strong></span> <span class='ocrx_word' id='word_1_35' title='bbox 834 447 1029 490; x_wconf 89' lang='lat' dir='ltr'><strong>Securim</strong></span> <span class='ocrx_word' id='word_1_36' title='bbox 1059 448 1110 489; x_wconf 89' lang='lat' dir='ltr'><strong>ad</strong></span> <span class='ocrx_word' id='word_1_37' title='bbox 1143 446 1326 490; x_wconf 85' lang='lat' dir='ltr'><strong>radicem</strong></span> <span class='ocrx_word' id='word_1_38' title='bbox 1358 449 1519 491; x_wconf 85' lang='lat' dir='ltr'><strong>arboris</strong></span> <span class='ocrx_word' id='word_1_39' title='bbox 1548 450 1662 507; x_wconf 79' lang='lat' dir='ltr'><strong>posi-</strong></span> 
     </span>
     <span class='ocr_line' id='line_1_6' title="bbox 235 524 1663 576; baseline -0.003 -4"><span class='ocrx_word' id='word_1_40' title='bbox 235 542 321 572; x_wconf 82' lang='lat' dir='ltr'><strong>tam</strong></span> <span class='ocrx_word' id='word_1_41' title='bbox 354 528 397 571; x_wconf 88' lang='lat' dir='ltr'><strong>in</strong></span> <span class='ocrx_word' id='word_1_42' title='bbox 430 525 838 570; x_wconf 83' lang='lat' dir='ltr'><strong>consummationem</strong></span> <span class='ocrx_word' id='word_1_43' title='bbox 869 524 1041 576; x_wconf 85' lang='lat' dir='ltr'><strong>saeculi,</strong></span> <span class='ocrx_word' id='word_1_44' title='bbox 1071 535 1118 566; x_wconf 88' lang='lat' dir='ltr'><strong>ut</strong></span> <span class='ocrx_word' id='word_1_45' title='bbox 1149 524 1311 566; x_wconf 80' lang='lat' dir='ltr'>excidat</span> <span class='ocrx_word' id='word_1_46' title='bbox 1341 541 1510 568; x_wconf 89' lang='lat' dir='ltr'><strong>omnem</strong></span> <span class='ocrx_word' id='word_1_47' title='bbox 1542 529 1663 569; x_wconf 83' lang='lat' dir='ltr'><strong>arbo-</strong></span> 
     </span>
     <span class='ocr_line' id='line_1_7' title="bbox 234 603 1662 662; baseline -0.002 -12"><span class='ocrx_word' id='word_1_48' title='bbox 234 624 346 658; x_wconf 89' lang='lat' dir='ltr'><strong>rem,</strong></span> <span class='ocrx_word' id='word_1_49' title='bbox 384 623 472 648; x_wconf 88' lang='lat' dir='ltr'><strong>non</strong></span> <span class='ocrx_word' id='word_1_50' title='bbox 511 605 736 647; x_wconf 84' lang='lat' dir='ltr'><strong>facientem</strong></span> <span class='ocrx_word' id='word_1_51' title='bbox 775 603 960 643; x_wconf 80' lang='lat' dir='ltr'><strong>fructum</strong></span> <span class='ocrx_word' id='word_1_52' title='bbox 1001 604 1186 653; x_wconf 89' lang='lat' dir='ltr'><strong>bonum,</strong></span> <span class='ocrx_word' id='word_1_53' title='bbox 1226 614 1395 660; x_wconf 90' lang='lat' dir='ltr'><strong>tempus</strong></span> <span class='ocrx_word' id='word_1_54' title='bbox 1430 605 1662 662; x_wconf 80' lang='lat' dir='ltr'><strong>putationis</strong></span> 
     </span>
     <span class='ocr_line' id='line_1_8' title="bbox 232 679 1658 739; baseline -0.003 -11"><span class='ocrx_word' id='word_1_55' title='bbox 232 685 433 738; x_wconf 86' lang='lat' dir='ltr'><strong>intellige.</strong></span> <span class='ocrx_word' id='word_1_56' title='bbox 493 684 656 727; x_wconf 87' lang='lat' dir='ltr'><strong>Vocem</strong></span> <span class='ocrx_word' id='word_1_57' title='bbox 689 697 789 722; x_wconf 82' lang='lat' dir='ltr'><strong>vero</strong></span> <span class='ocrx_word' id='word_1_58' title='bbox 824 679 1017 730; x_wconf 81' lang='lat' dir='ltr'><strong>turturis,</strong></span> <span class='ocrx_word' id='word_1_59' title='bbox 1062 697 1166 737; x_wconf 89' lang='lat' dir='ltr'><strong>quae</strong></span> <span class='ocrx_word' id='word_1_60' title='bbox 1199 679 1241 721; x_wconf 88' lang='lat' dir='ltr'><strong>in</strong></span> <span class='ocrx_word' id='word_1_61' title='bbox 1274 680 1404 722; x_wconf 88' lang='lat' dir='ltr'><strong>literis</strong></span> <span class='ocrx_word' id='word_1_62' title='bbox 1434 682 1658 739; x_wconf 86' lang='lat' dir='ltr'><strong>repromis—</strong></span> 
     </span>
     <span class='ocr_line' id='line_1_9' title="bbox 232 757 1664 817; baseline -0.003 -11"><span class='ocrx_word' id='word_1_63' title='bbox 232 764 361 806; x_wconf 85' lang='lat' dir='ltr'><strong>sionis</strong></span> <span class='ocrx_word' id='word_1_64' title='bbox 392 762 581 812; x_wconf 84' lang='lat' dir='ltr'><strong>auditur,</strong></span> <span class='ocrx_word' id='word_1_65' title='bbox 629 775 754 817; x_wconf 90' lang='lat' dir='ltr'><strong>quam</strong></span> <span class='ocrx_word' id='word_1_66' title='bbox 794 757 1002 800; x_wconf 86' lang='lat' dir='ltr'><strong>mansueti</strong></span> <span class='ocrx_word' id='word_1_67' title='bbox 1040 757 1084 799; x_wconf 88' lang='lat' dir='ltr'><strong>in</strong></span> <span class='ocrx_word' id='word_1_68' title='bbox 1124 758 1379 800; x_wconf 84' lang='lat' dir='ltr'><strong>haereditate</strong></span> <span class='ocrx_word' id='word_1_69' title='bbox 1418 759 1664 816; x_wconf 82' lang='lat' dir='ltr'><strong>suscipient,</strong></span> 
     </span>
     <span class='ocr_line' id='line_1_10' title="bbox 235 835 1659 898; baseline -0.003 -14"><span class='ocrx_word' id='word_1_70' title='bbox 235 841 389 885; x_wconf 84' lang='lat' dir='ltr'><strong>Christi</strong></span> <span class='ocrx_word' id='word_1_71' title='bbox 419 856 644 898; x_wconf 82' lang='lat' dir='ltr'><strong>personam</strong></span> <span class='ocrx_word' id='word_1_72' title='bbox 674 837 779 879; x_wconf 86' lang='lat' dir='ltr'><strong>facie</strong></span> <span class='ocrx_word' id='word_1_73' title='bbox 812 837 864 878; x_wconf 87' lang='lat' dir='ltr'><strong>ad</strong></span> <span class='ocrx_word' id='word_1_74' title='bbox 890 835 1065 887; x_wconf 75' lang='lat' dir='ltr'><strong>faciem,</strong></span> <span class='ocrx_word' id='word_1_75' title='bbox 1106 849 1145 878; x_wconf 89' lang='lat' dir='ltr'><strong>et</strong></span> <span class='ocrx_word' id='word_1_76' title='bbox 1176 853 1260 878; x_wconf 86' lang='lat' dir='ltr'><strong>non</strong></span> <span class='ocrx_word' id='word_1_77' title='bbox 1292 837 1375 896; x_wconf 88' lang='lat' dir='ltr'><strong>jam</strong></span> <span class='ocrx_word' id='word_1_78' title='bbox 1404 853 1482 894; x_wconf 88' lang='lat' dir='ltr'><strong>per</strong></span> <span class='ocrx_word' id='word_1_79' title='bbox 1511 854 1659 895; x_wconf 88' lang='lat' dir='ltr'><strong>specu-</strong></span> 
     </span>
     <span class='ocr_line' id='line_1_11' title="bbox 233 913 1660 974; baseline -0.003 -12"><span class='ocrx_word' id='word_1_80' title='bbox 233 922 322 962; x_wconf 85' lang='lat' dir='ltr'><strong>lum</strong></span> <span class='ocrx_word' id='word_1_81' title='bbox 354 931 395 961; x_wconf 84' lang='lat' dir='ltr'><strong>et</strong></span> <span class='ocrx_word' id='word_1_82' title='bbox 411 920 453 974; x_wconf 76' lang='grc'><strong>2)</strong></span> <span class='ocrx_word' id='word_1_83' title='bbox 495 918 539 960; x_wconf 91' lang='lat' dir='ltr'><strong>in</strong></span> <span class='ocrx_word' id='word_1_84' title='bbox 582 916 812 971; x_wconf 74' lang='lat' dir='ltr'><strong>aenigmate</strong></span> <span class='ocrx_word' id='word_1_85' title='bbox 845 913 1035 956; x_wconf 87' lang='lat' dir='ltr'><strong>docentis</strong></span> <span class='ocrx_word' id='word_1_86' title='bbox 1066 914 1250 956; x_wconf 85' lang='lat' dir='ltr'><strong>adverte.</strong></span> <span class='ocrx_word' id='word_1_87' title='bbox 1310 915 1515 958; x_wconf 84' lang='lat' dir='ltr'><strong>Ficulnea</strong></span> <span class='ocrx_word' id='word_1_88' title='bbox 1544 933 1660 967; x_wconf 81' lang='lat' dir='ltr'><strong>vero,</strong></span> 
     </span>
     <span class='ocr_line' id='line_1_12' title="bbox 232 991 1661 1056; baseline -0.001 -18"><span class='ocrx_word' id='word_1_89' title='bbox 232 1015 337 1056; x_wconf 86' lang='lat' dir='ltr'><strong>quae</strong></span> <span class='ocrx_word' id='word_1_90' title='bbox 366 1013 538 1052; x_wconf 82' lang='lat' dir='ltr'><strong>germen</strong></span> <span class='ocrx_word' id='word_1_91' title='bbox 577 1012 698 1038; x_wconf 88' lang='lat' dir='ltr'><strong>suum</strong></span> <span class='ocrx_word' id='word_1_92' title='bbox 735 992 1013 1051; x_wconf 78' lang='lat' dir='ltr'><strong>producit³)‚</strong></span> <span class='ocrx_word' id='word_1_93' title='bbox 1055 991 1186 1034; x_wconf 85' lang='lat' dir='ltr'><strong>totius</strong></span> <span class='ocrx_word' id='word_1_94' title='bbox 1228 994 1559 1046; x_wconf 84' lang='lat' dir='ltr'><strong>congregationis</strong></span> <span class='ocrx_word' id='word_1_95' title='bbox 1598 993 1661 1052; x_wconf 84' lang='lat' dir='ltr'><strong>ju-</strong></span> 
     </span>
     <span class='ocr_line' id='line_1_13' title="bbox 231 1071 1659 1119; baseline -0.004 0"><span class='ocrx_word' id='word_1_96' title='bbox 231 1088 394 1119; x_wconf 84' lang='lat' dir='ltr'><strong>storum</strong></span> <span class='ocrx_word' id='word_1_97' title='bbox 425 1076 586 1117; x_wconf 82' lang='lat' dir='ltr'><strong>fructus</strong></span> <span class='ocrx_word' id='word_1_98' title='bbox 616 1074 830 1115; x_wconf 80' lang='lat' dir='ltr'><strong>habeatur.</strong></span> <span class='ocrx_word' id='word_1_99' title='bbox 891 1071 998 1112; x_wconf 82' lang='lat' dir='ltr'><strong>Istae</strong></span> <span class='ocrx_word' id='word_1_100' title='bbox 1030 1086 1131 1111; x_wconf 70' lang='lat' dir='ltr'><strong>vero</strong></span> <span class='ocrx_word' id='word_1_101' title='bbox 1172 1081 1211 1112; x_wconf 86' lang='lat' dir='ltr'><strong>et</strong></span> <span class='ocrx_word' id='word_1_102' title='bbox 1246 1083 1411 1113; x_wconf 86' lang='lat' dir='ltr'><strong>sanctae</strong></span> <span class='ocrx_word' id='word_1_103' title='bbox 1445 1083 1485 1113; x_wconf 89' lang='lat' dir='ltr'><strong>et</strong></span> <span class='ocrx_word' id='word_1_104' title='bbox 1513 1073 1659 1114; x_wconf 88' lang='lat' dir='ltr'><strong>beatae</strong></span> 
     </span>
     <span class='ocr_line' id='line_1_14' title="bbox 232 1148 1660 1208; baseline -0.004 -11"><span class='ocrx_word' id='word_1_105' title='bbox 232 1153 443 1208; x_wconf 77' lang='lat' dir='ltr'><strong>angelicae</strong></span> <span class='ocrx_word' id='word_1_106' title='bbox 474 1152 673 1202; x_wconf 80' lang='lat' dir='ltr'><strong>virtutes,</strong></span> <span class='ocrx_word' id='word_1_107' title='bbox 706 1149 856 1208; x_wconf 88' lang='lat' dir='ltr'><strong>quibus</strong></span> <span class='ocrx_word' id='word_1_108' title='bbox 889 1148 1014 1190; x_wconf 81' lang='lat' dir='ltr'><strong>electi</strong></span> <span class='ocrx_word' id='word_1_109' title='bbox 1045 1148 1199 1206; x_wconf 88' lang='lat' dir='ltr'><strong>quique</strong></span> <span class='ocrx_word' id='word_1_110' title='bbox 1231 1159 1272 1189; x_wconf 90' lang='lat' dir='ltr'><strong>et</strong></span> <span class='ocrx_word' id='word_1_111' title='bbox 1301 1149 1414 1191; x_wconf 82' lang='lat' dir='ltr'><strong>beati</strong></span> <span class='ocrx_word' id='word_1_112' title='bbox 1445 1165 1492 1192; x_wconf 83' lang='lat' dir='ltr'><strong>ex</strong></span> <span class='ocrx_word' id='word_1_113' title='bbox 1523 1167 1660 1192; x_wconf 85' lang='lat' dir='ltr'><strong>resur-</strong></span> 
     </span>
     <span class='ocr_line' id='line_1_15' title="bbox 231 1226 1658 1286; baseline -0.001 -13"><span class='ocrx_word' id='word_1_114' title='bbox 231 1231 419 1274; x_wconf 89' lang='lat' dir='ltr'><strong>rectione</strong></span> <span class='ocrx_word' id='word_1_115' title='bbox 458 1230 752 1278; x_wconf 87' lang='lat' dir='ltr'><strong>sociabuntur,</strong></span> <span class='ocrx_word' id='word_1_116' title='bbox 801 1226 872 1285; x_wconf 86' lang='lat' dir='ltr'><strong>qui</strong></span> <span class='ocrx_word' id='word_1_117' title='bbox 911 1238 1029 1268; x_wconf 87' lang='lat' dir='ltr'><strong>erunt</strong></span> <span class='ocrx_word' id='word_1_118' title='bbox 1071 1226 1177 1267; x_wconf 90' lang='lat' dir='ltr'><strong>sicut</strong></span> <span class='ocrx_word' id='word_1_119' title='bbox 1219 1227 1354 1280; x_wconf 90' lang='lat' dir='ltr'><strong>angeli</strong></span> <span class='ocrx_word' id='word_1_120' title='bbox 1392 1227 1499 1279; x_wconf 83' lang='lat' dir='ltr'><strong>Dei,</strong></span> <span class='ocrx_word' id='word_1_121' title='bbox 1543 1229 1658 1286; x_wconf 80' lang='lat' dir='ltr'><strong>ipsae</strong></span> 
     </span>
     <span class='ocr_line' id='line_1_16' title="bbox 230 1305 1658 1365; baseline -0.002 -14"><span class='ocrx_word' id='word_1_122' title='bbox 230 1322 327 1351; x_wconf 88' lang='lat' dir='ltr'><strong>sunt</strong></span> <span class='ocrx_word' id='word_1_123' title='bbox 357 1309 461 1350; x_wconf 84' lang='lat' dir='ltr'><strong>vites</strong></span> <span class='ocrx_word' id='word_1_124' title='bbox 476 1309 517 1365; x_wconf 70' lang='lat'><strong>⁴¹)</strong></span> <span class='ocrx_word' id='word_1_125' title='bbox 550 1320 591 1350; x_wconf 87' lang='lat' dir='ltr'><strong>et</strong></span> <span class='ocrx_word' id='word_1_126' title='bbox 624 1308 821 1348; x_wconf 79' lang='lat' dir='ltr'><strong>florentes</strong></span> <span class='ocrx_word' id='word_1_127' title='bbox 853 1305 1023 1356; x_wconf 75' lang='lat' dir='ltr'><strong>vineae,</strong></span> <span class='ocrx_word' id='word_1_128' title='bbox 1065 1321 1169 1362; x_wconf 87' lang='lat' dir='ltr'><strong>quae</strong></span> <span class='ocrx_word' id='word_1_129' title='bbox 1203 1305 1382 1346; x_wconf 86' lang='lat' dir='ltr'><strong>odorem</strong></span> <span class='ocrx_word' id='word_1_130' title='bbox 1412 1322 1534 1347; x_wconf 89' lang='lat' dir='ltr'><strong>suum</strong></span> <span class='ocrx_word' id='word_1_131' title='bbox 1564 1307 1658 1349; x_wconf 85' lang='lat' dir='ltr'><strong>uni-</strong></span> 
     </span>
     <span class='ocr_line' id='line_1_17' title="bbox 230 1382 1656 1444; baseline -0.001 -16"><span class='ocrx_word' id='word_1_132' title='bbox 230 1387 382 1444; x_wconf 87' lang='lat' dir='ltr'><strong>cuique</strong></span> <span class='ocrx_word' id='word_1_133' title='bbox 427 1385 611 1436; x_wconf 83' lang='lat' dir='ltr'><strong>animae,</strong></span> <span class='ocrx_word' id='word_1_134' title='bbox 657 1396 698 1426; x_wconf 89' lang='lat' dir='ltr'><strong>et</strong></span> <span class='ocrx_word' id='word_1_135' title='bbox 737 1383 931 1437; x_wconf 84' lang='lat' dir='ltr'><strong>gratiam,</strong></span> <span class='ocrx_word' id='word_1_136' title='bbox 977 1399 1103 1439; x_wconf 85' lang='lat' dir='ltr'><strong>quam</strong></span> <span class='ocrx_word' id='word_1_137' title='bbox 1148 1398 1170 1423; x_wconf 88' lang='lat' dir='ltr'><strong>a</strong></span> <span class='ocrx_word' id='word_1_138' title='bbox 1210 1382 1431 1424; x_wconf 88' lang='lat' dir='ltr'><strong>conditore</strong></span> <span class='ocrx_word' id='word_1_139' title='bbox 1473 1385 1656 1443; x_wconf 86' lang='lat' dir='ltr'><strong>suscepit</strong></span> 
     </span>
     <span class='ocr_line' id='line_1_18' title="bbox 230 1459 1658 1522; baseline -0.002 -15"><span class='ocrx_word' id='word_1_140' title='bbox 230 1465 366 1522; x_wconf 89' lang='lat' dir='ltr'><strong>prius,</strong></span> <span class='ocrx_word' id='word_1_141' title='bbox 408 1476 449 1506; x_wconf 84' lang='lat' dir='ltr'><strong>ct</strong></span> <span class='ocrx_word' id='word_1_142' title='bbox 484 1480 595 1505; x_wconf 87' lang='lat' dir='ltr'><strong>nunc</strong></span> <span class='ocrx_word' id='word_1_143' title='bbox 636 1463 790 1504; x_wconf 86' lang='lat' dir='ltr'><strong>iterum</strong></span> <span class='ocrx_word' id='word_1_144' title='bbox 825 1461 1036 1518; x_wconf 82' lang='lat' dir='ltr'><strong>perditam</strong></span> <span class='ocrx_word' id='word_1_145' title='bbox 1073 1461 1358 1518; x_wconf 76' lang='lat' dir='ltr'><strong>recuperavit,</strong></span> <span class='ocrx_word' id='word_1_146' title='bbox 1397 1459 1658 1518; x_wconf 83' lang='lat' dir='ltr'><strong>impertiunt,</strong></span> 
     </span>
     <span class='ocr_line' id='line_1_19' title="bbox 230 1537 1676 1599; baseline -0.002 -13"><span class='ocrx_word' id='word_1_147' title='bbox 230 1543 517 1599; x_wconf 78' lang='lat' dir='ltr'><strong>suavitateque</strong></span> <span class='ocrx_word' id='word_1_148' title='bbox 551 1540 744 1584; x_wconf 88' lang='lat' dir='ltr'><strong>coelestis</strong></span> <span class='ocrx_word' id='word_1_149' title='bbox 777 1539 921 1581; x_wconf 85' lang='lat' dir='ltr'><strong>odoris</strong></span> <span class='ocrx_word' id='word_1_150' title='bbox 947 1540 1161 1580; x_wconf 77' lang='lat' dir='ltr'><strong>foetorem</strong></span> <span class='ocrx_word' id='word_1_151' title='bbox 1190 1539 1361 1580; x_wconf 86' lang='lat' dir='ltr'><strong>tandem</strong></span> <span class='ocrx_word' id='word_1_152' title='bbox 1391 1537 1576 1597; x_wconf 85' lang='lat' dir='ltr'><strong>abjectae</strong></span> <span class='ocrx_word' id='word_1_153' title='bbox 1607 1543 1676 1583; x_wconf 67' lang='lat' dir='ltr'><strong>ab·</strong></span> 
     </span>
     <span class='ocr_line' id='line_1_20' title="bbox 230 1617 1244 1676; baseline -0.004 -14"><span class='ocrx_word' id='word_1_154' title='bbox 230 1621 279 1663; x_wconf 87' lang='lat' dir='ltr'><strong>iis</strong></span> <span class='ocrx_word' id='word_1_155' title='bbox 310 1619 578 1662; x_wconf 87' lang='lat' dir='ltr'><strong>mortalitatis</strong></span> <span class='ocrx_word' id='word_1_156' title='bbox 609 1617 978 1676; x_wconf 88' lang='lat' dir='ltr'><strong>corruptionisque</strong></span> <span class='ocrx_word' id='word_1_157' title='bbox 1011 1617 1244 1674; x_wconf 87' lang='lat' dir='ltr'><strong>depellunt.</strong></span> 
     </span>
    </p>

    <p class='ocr_par' dir='ltr' id='par_1_3' title="bbox 225 1694 1656 2373">
     <span class='ocr_line' id='line_1_21' title="bbox 342 1694 1656 1754; baseline 0 -16"><span class='ocrx_word' id='word_1_158' title='bbox 342 1698 597 1754; x_wconf 79' lang='lat' dir='ltr'><strong>„Surge⁵),</strong></span> <span class='ocrx_word' id='word_1_159' title='bbox 639 1710 679 1738; x_wconf 84' lang='lat' dir='ltr'><strong>et</strong></span> <span class='ocrx_word' id='word_1_160' title='bbox 718 1696 815 1737; x_wconf 87' lang='lat' dir='ltr'><strong>veni</strong></span> <span class='ocrx_word' id='word_1_161' title='bbox 844 1694 1037 1752; x_wconf 71' lang='lat' dir='ltr'><strong>proxima</strong></span> <span class='ocrx_word' id='word_1_162' title='bbox 1074 1712 1189 1747; x_wconf 85' lang='lat' dir='ltr'><strong>mea,</strong></span> <span class='ocrx_word' id='word_1_163' title='bbox 1230 1695 1428 1737; x_wconf 90' lang='lat' dir='ltr'><strong>columba</strong></span> <span class='ocrx_word' id='word_1_164' title='bbox 1457 1711 1574 1748; x_wconf 86' lang='lat' dir='ltr'><strong>mea,</strong></span> <span class='ocrx_word' id='word_1_165' title='bbox 1614 1698 1656 1739; x_wconf 88' lang='lat' dir='ltr'><strong>in</strong></span> 
     </span>
     <span class='ocr_line' id='line_1_22' title="bbox 229 1773 1654 1832; baseline 0.001 -16"><span class='ocrx_word' id='word_1_166' title='bbox 229 1774 508 1817; x_wconf 80' lang='lat' dir='ltr'><strong>velaminibus</strong></span> <span class='ocrx_word' id='word_1_167' title='bbox 538 1787 683 1832; x_wconf 89' lang='lat' dir='ltr'><strong>petrae</strong></span> <span class='ocrx_word' id='word_1_168' title='bbox 702 1774 816 1832; x_wconf 69' lang='lat' dir='ltr'><strong>iuxta</strong></span> <span class='ocrx_word' id='word_1_169' title='bbox 844 1773 1102 1830; x_wconf 86' lang='lat' dir='ltr'><strong>promurale.</strong></span> <span class='ocrx_word' id='word_1_170' title='bbox 1151 1773 1339 1815; x_wconf 87' lang='lat' dir='ltr'><strong>Ostende</strong></span> <span class='ocrx_word' id='word_1_171' title='bbox 1369 1773 1473 1816; x_wconf 84' lang='lat' dir='ltr'><strong>mihi</strong></span> <span class='ocrx_word' id='word_1_172' title='bbox 1502 1775 1654 1818; x_wconf 86' lang='lat' dir='ltr'><strong>faciem</strong></span> 
     </span>
     <span class='ocr_line' id='line_1_23' title="bbox 232 1850 1653 1913; baseline 0.002 -19"><span class='ocrx_word' id='word_1_173' title='bbox 232 1866 358 1904; x_wconf 85' lang='lat' dir='ltr'><strong>tuam,</strong></span> <span class='ocrx_word' id='word_1_174' title='bbox 390 1864 431 1894; x_wconf 90' lang='lat' dir='ltr'><strong>et</strong></span> <span class='ocrx_word' id='word_1_175' title='bbox 461 1852 646 1913; x_wconf 83' lang='lat' dir='ltr'><strong>auditam</strong></span> <span class='ocrx_word' id='word_1_176' title='bbox 677 1853 741 1894; x_wconf 87' lang='lat' dir='ltr'><strong>fac</strong></span> <span class='ocrx_word' id='word_1_177' title='bbox 772 1850 876 1892; x_wconf 82' lang='lat' dir='ltr'><strong>mihi</strong></span> <span class='ocrx_word' id='word_1_178' title='bbox 899 1867 1049 1892; x_wconf 79' lang='lat' dir='ltr'><strong>vocem</strong></span> <span class='ocrx_word' id='word_1_179' title='bbox 1079 1863 1208 1902; x_wconf 87' lang='lat' dir='ltr'><strong>tuam,</strong></span> <span class='ocrx_word' id='word_1_180' title='bbox 1242 1852 1441 1908; x_wconf 88' lang='lat' dir='ltr'><strong>quoniam</strong></span> <span class='ocrx_word' id='word_1_181' title='bbox 1473 1869 1553 1895; x_wconf 75' lang='lat' dir='ltr'><strong>vox</strong></span> <span class='ocrx_word' id='word_1_182' title='bbox 1584 1866 1653 1897; x_wconf 87' lang='lat' dir='ltr'><strong>tua</strong></span> 
     </span>
     <span class='ocr_line' id='line_1_24' title="bbox 226 1928 1652 1989; baseline 0.002 -17"><span class='ocrx_word' id='word_1_183' title='bbox 226 1930 361 1973; x_wconf 79' lang='lat' dir='ltr'><strong>suavis</strong></span> <span class='ocrx_word' id='word_1_184' title='bbox 396 1942 480 1981; x_wconf 87' lang='lat' dir='ltr'><strong>est,</strong></span> <span class='ocrx_word' id='word_1_185' title='bbox 524 1942 564 1972; x_wconf 82' lang='lat' dir='ltr'><strong>et</strong></span> <span class='ocrx_word' id='word_1_186' title='bbox 601 1930 729 1972; x_wconf 83' lang='lat' dir='ltr'><strong>facies</strong></span> <span class='ocrx_word' id='word_1_187' title='bbox 759 1941 831 1971; x_wconf 88' lang='lat' dir='ltr'><strong>tua</strong></span> <span class='ocrx_word' id='word_1_188' title='bbox 861 1928 1091 1985; x_wconf 86' lang='lat' dir='ltr'><strong>speciosa.“</strong></span> <span class='ocrx_word' id='word_1_189' title='bbox 1153 1929 1399 1971; x_wconf 78' lang='lat' dir='ltr'><strong>Secundum</strong></span> <span class='ocrx_word' id='word_1_190' title='bbox 1440 1932 1652 1989; x_wconf 86' lang='lat' dir='ltr'><strong>propositi</strong></span> 
     </span>
     <span class='ocr_line' id='line_1_25' title="bbox 225 2006 1653 2065; baseline 0 -13"><span class='ocrx_word' id='word_1_191' title='bbox 225 2009 422 2052; x_wconf 85' lang='lat' dir='ltr'><strong>dramatis</strong></span> <span class='ocrx_word' id='word_1_192' title='bbox 454 2009 646 2050; x_wconf 84' lang='lat' dir='ltr'><strong>ordinem</strong></span> <span class='ocrx_word' id='word_1_193' title='bbox 678 2023 880 2065; x_wconf 84' lang='lat' dir='ltr'><strong>sponsus,</strong></span> <span class='ocrx_word' id='word_1_194' title='bbox 921 2007 993 2064; x_wconf 90' lang='lat' dir='ltr'><strong>qui</strong></span> <span class='ocrx_word' id='word_1_195' title='bbox 1034 2006 1184 2048; x_wconf 88' lang='lat' dir='ltr'><strong>saliens</strong></span> <span class='ocrx_word' id='word_1_196' title='bbox 1215 2023 1343 2063; x_wconf 87' lang='lat' dir='ltr'><strong>super</strong></span> <span class='ocrx_word' id='word_1_197' title='bbox 1373 2019 1564 2060; x_wconf 87' lang='lat' dir='ltr'><strong>montes,</strong></span> <span class='ocrx_word' id='word_1_198' title='bbox 1614 2023 1653 2052; x_wconf 85' lang='lat' dir='ltr'><strong>et</strong></span> 
     </span>
     <span class='ocr_line' id='line_1_26' title="bbox 227 2085 1653 2143; baseline 0 -13"><span class='ocrx_word' id='word_1_199' title='bbox 227 2088 421 2130; x_wconf 81' lang='lat' dir='ltr'><strong>exsiliens</strong></span> <span class='ocrx_word' id='word_1_200' title='bbox 451 2103 579 2143; x_wconf 88' lang='lat' dir='ltr'><strong>super</strong></span> <span class='ocrx_word' id='word_1_201' title='bbox 618 2086 749 2128; x_wconf 87' lang='lat' dir='ltr'><strong>colles</strong></span> <span class='ocrx_word' id='word_1_202' title='bbox 780 2087 832 2127; x_wconf 86' lang='lat' dir='ltr'><strong>ad</strong></span> <span class='ocrx_word' id='word_1_203' title='bbox 863 2101 1059 2142; x_wconf 88' lang='lat' dir='ltr'><strong>sponsam</strong></span> <span class='ocrx_word' id='word_1_204' title='bbox 1091 2096 1262 2126; x_wconf 86' lang='lat' dir='ltr'><strong>venerat</strong></span> <span class='ocrx_word' id='word_1_205' title='bbox 1278 2085 1347 2140; x_wconf 58' lang='grc' dir='ltr'><strong>ὃ),</strong></span> <span class='ocrx_word' id='word_1_206' title='bbox 1388 2086 1653 2143; x_wconf 83' lang='lat' dir='ltr'><strong>prospiciens</strong></span> 
     </span>
     <span class='ocr_line' id='line_1_27' title="bbox 228 2162 1651 2221; baseline 0 -12"><span class='ocrx_word' id='word_1_207' title='bbox 228 2183 342 2218; x_wconf 87' lang='lat' dir='ltr'><strong>eam,</strong></span> <span class='ocrx_word' id='word_1_208' title='bbox 372 2178 414 2208; x_wconf 85' lang='lat' dir='ltr'><strong>et</strong></span> <span class='ocrx_word' id='word_1_209' title='bbox 442 2165 608 2208; x_wconf 86' lang='lat' dir='ltr'><strong>intuens</strong></span> <span class='ocrx_word' id='word_1_210' title='bbox 638 2181 715 2221; x_wconf 87' lang='lat' dir='ltr'><strong>per</strong></span> <span class='ocrx_word' id='word_1_211' title='bbox 743 2165 966 2215; x_wconf 80' lang='lat' dir='ltr'><strong>fenestras,</strong></span> <span class='ocrx_word' id='word_1_212' title='bbox 1002 2163 1189 2205; x_wconf 87' lang='lat' dir='ltr'><strong>secundo</strong></span> <span class='ocrx_word' id='word_1_213' title='bbox 1220 2162 1304 2221; x_wconf 78' lang='lat' dir='ltr'><strong>jam</strong></span> <span class='ocrx_word' id='word_1_214' title='bbox 1336 2163 1434 2205; x_wconf 92' lang='lat' dir='ltr'><strong>loco</strong></span> <span class='ocrx_word' id='word_1_215' title='bbox 1467 2164 1572 2207; x_wconf 84' lang='lat' dir='ltr'><strong>dicit</strong></span> <span class='ocrx_word' id='word_1_216' title='bbox 1600 2168 1651 2209; x_wconf 89' lang='lat' dir='ltr'><strong>ad</strong></span> 
     </span>
     <span class='ocr_line' id='line_1_28' title="bbox 227 2241 1652 2300; baseline -0.001 -12"><span class='ocrx_word' id='word_1_217' title='bbox 227 2262 342 2288; x_wconf 87' lang='lat' dir='ltr'><strong>eam:</strong></span> <span class='ocrx_word' id='word_1_218' title='bbox 373 2260 520 2297; x_wconf 86' lang='lat' dir='ltr'><strong>„surge</strong></span> <span class='ocrx_word' id='word_1_219' title='bbox 538 2244 594 2300; x_wconf 79' lang='lat'><strong>⁷),</strong></span> <span class='ocrx_word' id='word_1_220' title='bbox 624 2242 720 2284; x_wconf 83' lang='lat' dir='ltr'><strong>veni</strong></span> <span class='ocrx_word' id='word_1_221' title='bbox 749 2242 941 2299; x_wconf 83' lang='lat' dir='ltr'><strong>proxima</strong></span> <span class='ocrx_word' id='word_1_222' title='bbox 965 2258 1072 2293; x_wconf 90' lang='lat' dir='ltr'><strong>mea,</strong></span> <span class='ocrx_word' id='word_1_223' title='bbox 1103 2241 1295 2299; x_wconf 84' lang='lat' dir='ltr'><strong>speciosa</strong></span> <span class='ocrx_word' id='word_1_224' title='bbox 1313 2259 1420 2293; x_wconf 88' lang='lat' dir='ltr'><strong>mea,</strong></span> <span class='ocrx_word' id='word_1_225' title='bbox 1452 2244 1652 2288; x_wconf 79' lang='lat' dir='ltr'><strong>columba</strong></span> 
     </span>
     <span class='ocr_line' id='line_1_29' title="bbox 229 2320 1650 2373; baseline -0.001 -6"><span class='ocrx_word' id='word_1_226' title='bbox 229 2330 363 2367; x_wconf 87' lang='lat' dir='ltr'><strong>mea.“</strong></span> <span class='ocrx_word' id='word_1_227' title='bbox 421 2325 545 2365; x_wconf 73' lang='lat' dir='ltr'><strong>Nunc</strong></span> <span class='ocrx_word' id='word_1_228' title='bbox 575 2337 676 2373; x_wconf 75' lang='lat' dir='ltr'><strong>vero</strong></span> <span class='ocrx_word' id='word_1_229' title='bbox 709 2321 826 2362; x_wconf 85' lang='lat' dir='ltr'><strong>addit</strong></span> <span class='ocrx_word' id='word_1_230' title='bbox 858 2320 985 2362; x_wconf 89' lang='lat' dir='ltr'><strong>etiam</strong></span> <span class='ocrx_word' id='word_1_231' title='bbox 1014 2321 1119 2372; x_wconf 90' lang='lat' dir='ltr'><strong>hoc,</strong></span> <span class='ocrx_word' id='word_1_232' title='bbox 1157 2332 1204 2362; x_wconf 85' lang='lat' dir='ltr'><strong>ut</strong></span> <span class='ocrx_word' id='word_1_233' title='bbox 1244 2323 1484 2363; x_wconf 85' lang='lat' dir='ltr'><strong>ostenderet</strong></span> <span class='ocrx_word' id='word_1_234' title='bbox 1516 2322 1555 2364; x_wconf 91' lang='lat' dir='ltr'><strong>ei</strong></span> <span class='ocrx_word' id='word_1_235' title='bbox 1586 2324 1650 2365; x_wconf 92' lang='lat' dir='ltr'><strong>lo-</strong></span> 
     </span>
    </p>
   </div>
   <div class='ocr_carea' id='block_1_3' title="bbox 227 2398 1652 2457">
    <p class='ocr_par' dir='ltr' id='par_1_4' title="bbox 227 2398 1652 2457">
     <span class='ocr_line' id='line_1_30' title="bbox 227 2398 1652 2457; baseline -0.001 -12"><span class='ocrx_word' id='word_1_236' title='bbox 227 2420 338 2452; x_wconf 85' lang='lat' dir='ltr'><strong>cum,</strong></span> <span class='ocrx_word' id='word_1_237' title='bbox 368 2403 419 2443; x_wconf 86' lang='lat' dir='ltr'><strong>ad</strong></span> <span class='ocrx_word' id='word_1_238' title='bbox 452 2416 578 2457; x_wconf 88' lang='lat' dir='ltr'><strong>quem</strong></span> <span class='ocrx_word' id='word_1_239' title='bbox 609 2400 752 2441; x_wconf 85' lang='lat' dir='ltr'><strong>venire</strong></span> <span class='ocrx_word' id='word_1_240' title='bbox 784 2400 947 2448; x_wconf 85' lang='lat' dir='ltr'><strong>debeat,</strong></span> <span class='ocrx_word' id='word_1_241' title='bbox 979 2398 1051 2454; x_wconf 85' lang='lat' dir='ltr'><strong>qui</strong></span> <span class='ocrx_word' id='word_1_242' title='bbox 1084 2400 1202 2440; x_wconf 85' lang='lat' dir='ltr'><strong>locus</strong></span> <span class='ocrx_word' id='word_1_243' title='bbox 1233 2400 1309 2440; x_wconf 86' lang='lat' dir='ltr'><strong>sub</strong></span> <span class='ocrx_word' id='word_1_244' title='bbox 1340 2399 1577 2442; x_wconf 84' lang='lat' dir='ltr'><strong>velamento</strong></span> <span class='ocrx_word' id='word_1_245' title='bbox 1609 2413 1652 2443; x_wconf 87' lang='lat' dir='ltr'><strong>et</strong></span> 
     </span>
    </p>
   </div>
   <div class='ocr_carea' id='block_1_4' title="bbox 271 2516 399 2523">
    <p class='ocr_par' dir='ltr' id='par_1_5' title="bbox 271 2516 399 2523">
     <span class='ocr_line' id='line_1_31' title="bbox 271 2516 399 2523; baseline 0 0"><span class='ocrx_word' id='word_1_246' title='bbox 271 2516 399 2523; x_wconf 95' lang='lat' dir='ltr'><strong> </strong></span> 
     </span>
    </p>
   </div>
   <div class='ocr_carea' id='block_1_5' title="bbox 343 2581 1647 2923">
    <p class='ocr_par' dir='ltr' id='par_1_6' title="bbox 346 2581 1119 2640">
     <span class='ocr_line' id='line_1_32' title="bbox 346 2581 1119 2640; baseline -0.003 -15"><span class='ocrx_word' id='word_1_247' title='bbox 346 2584 386 2640; x_wconf 90' lang='lat'><strong>¹)</strong></span> <span class='ocrx_word' id='word_1_248' title='bbox 422 2583 555 2625; x_wconf 87' lang='lat' dir='ltr'><strong>Deest</strong></span> <span class='ocrx_word' id='word_1_249' title='bbox 584 2612 610 2632; x_wconf 86' lang='lat'><strong>„</strong></span> <span class='ocrx_word' id='word_1_250' title='bbox 624 2581 772 2622; x_wconf 78' lang='lat' dir='ltr'><strong>enin1“</strong></span> <span class='ocrx_word' id='word_1_251' title='bbox 804 2581 846 2623; x_wconf 89' lang='lat' dir='ltr'><strong>in</strong></span> <span class='ocrx_word' id='word_1_252' title='bbox 878 2583 943 2624; x_wconf 81' lang='lat' dir='ltr'><strong>ed.</strong></span> <span class='ocrx_word' id='word_1_253' title='bbox 974 2583 1119 2625; x_wconf 86' lang='lat' dir='ltr'><strong>Ruaei.</strong></span> 
     </span>
    </p>

    <p class='ocr_par' dir='ltr' id='par_1_7' title="bbox 343 2651 1647 2782">
     <span class='ocr_line' id='line_1_33' title="bbox 343 2651 1647 2712; baseline 0.002 -16"><span class='ocrx_word' id='word_1_254' title='bbox 343 2656 387 2712; x_wconf 76' lang='grc'><strong>2)</strong></span> <span class='ocrx_word' id='word_1_255' title='bbox 418 2655 551 2696; x_wconf 86' lang='lat' dir='ltr'><strong>Deest</strong></span> <span class='ocrx_word' id='word_1_256' title='bbox 578 2658 676 2704; x_wconf 83' lang='lat' dir='ltr'><strong>„et“</strong></span> <span class='ocrx_word' id='word_1_257' title='bbox 705 2652 750 2694; x_wconf 86' lang='lat' dir='ltr'><strong>in</strong></span> <span class='ocrx_word' id='word_1_258' title='bbox 780 2654 874 2695; x_wconf 84' lang='lat' dir='ltr'><strong>edd.</strong></span> <span class='ocrx_word' id='word_1_259' title='bbox 906 2654 967 2696; x_wconf 88' lang='grc' dir='ltr'><strong>Μ.</strong></span> <span class='ocrx_word' id='word_1_260' title='bbox 1086 2653 1128 2711; x_wconf 77' lang='grc'><strong>3)</strong></span> <span class='ocrx_word' id='word_1_261' title='bbox 1158 2652 1266 2695; x_wconf 86' lang='lat' dir='ltr'><strong>Edd.</strong></span> <span class='ocrx_word' id='word_1_262' title='bbox 1285 2651 1346 2694; x_wconf 87' lang='lat' dir='ltr'><strong>M.</strong></span> <span class='ocrx_word' id='word_1_263' title='bbox 1378 2655 1647 2711; x_wconf 86' lang='lat' dir='ltr'><strong>„produxit.“</strong></span> 
     </span>
     <span class='ocr_line' id='line_1_34' title="bbox 346 2723 1422 2782; baseline 0 -16"><span class='ocrx_word' id='word_1_264' title='bbox 346 2725 389 2782; x_wconf 81' lang='lat'><strong>⁴²)</strong></span> <span class='ocrx_word' id='word_1_265' title='bbox 418 2725 528 2766; x_wconf 85' lang='lat' dir='ltr'><strong>Edd.</strong></span> <span class='ocrx_word' id='word_1_266' title='bbox 558 2723 620 2766; x_wconf 88' lang='lat' dir='ltr'><strong>M.</strong></span> <span class='ocrx_word' id='word_1_267' title='bbox 652 2723 792 2774; x_wconf 84' lang='lat' dir='ltr'><strong>„vites</strong></span> <span class='ocrx_word' id='word_1_268' title='bbox 824 2725 1022 2767; x_wconf 85' lang='lat' dir='ltr'><strong>florentes</strong></span> <span class='ocrx_word' id='word_1_269' title='bbox 1054 2736 1095 2765; x_wconf 86' lang='lat' dir='ltr'><strong>et</strong></span> <span class='ocrx_word' id='word_1_270' title='bbox 1128 2724 1273 2767; x_wconf 83' lang='lat' dir='ltr'><strong>vineae</strong></span> <span class='ocrx_word' id='word_1_271' title='bbox 1287 2729 1312 2750; x_wconf 88' lang='lat'>“</span> <span class='ocrx_word' id='word_1_272' title='bbox 1343 2735 1422 2766; x_wconf 85' lang='lat' dir='ltr'><strong>etc.</strong></span> 
     </span>
    </p>

    <p class='ocr_par' dir='ltr' id='par_1_8' title="bbox 347 2793 1549 2854">
     <span class='ocr_line' id='line_1_35' title="bbox 347 2793 1549 2854; baseline -0.001 -16"><span class='ocrx_word' id='word_1_273' title='bbox 347 2797 387 2854; x_wconf 81' lang='lat'><strong>⁵)</strong></span> <span class='ocrx_word' id='word_1_274' title='bbox 421 2795 578 2838; x_wconf 87' lang='lat' dir='ltr'><strong>Cantic.</strong></span> <span class='ocrx_word' id='word_1_275' title='bbox 609 2794 674 2844; x_wconf 88' lang='lat' dir='ltr'><strong>II,</strong></span> <span class='ocrx_word' id='word_1_276' title='bbox 709 2793 774 2837; x_wconf 78' lang='grc'><strong>13.</strong></span> <span class='ocrx_word' id='word_1_277' title='bbox 806 2795 870 2839; x_wconf 69' lang='grc'><strong>14.</strong></span> <span class='ocrx_word' id='word_1_278' title='bbox 992 2797 1036 2852; x_wconf 74' lang='lat'><strong>⁶)</strong></span> <span class='ocrx_word' id='word_1_279' title='bbox 1066 2795 1175 2841; x_wconf 83' lang='lat' dir='ltr'><strong>Edd.</strong></span> <span class='ocrx_word' id='word_1_280' title='bbox 1211 2795 1270 2837; x_wconf 83' lang='grc' dir='ltr'><strong>Μ.</strong></span> <span class='ocrx_word' id='word_1_281' title='bbox 1304 2795 1549 2846; x_wconf 83' lang='lat' dir='ltr'><strong>,‚venerit.“</strong></span> 
     </span>
    </p>

    <p class='ocr_par' dir='ltr' id='par_1_9' title="bbox 346 2863 774 2923">
     <span class='ocr_line' id='line_1_36' title="bbox 346 2863 774 2923; baseline -0.007 -16"><span class='ocrx_word' id='word_1_282' title='bbox 346 2867 390 2923; x_wconf 87' lang='lat'><strong>⁷)</strong></span> <span class='ocrx_word' id='word_1_283' title='bbox 422 2865 580 2913; x_wconf 62' lang='lat' dir='ltr'><strong>Cantic.&gt;</strong></span> <span class='ocrx_word' id='word_1_284' title='bbox 611 2865 677 2915; x_wconf 82' lang='grc' dir='ltr'><strong>Π,</strong></span> <span class='ocrx_word' id='word_1_285' title='bbox 709 2863 774 2905; x_wconf 74' lang='grc'><strong>13.</strong></span> 
     </span>
    </p>
   </div>
  </div>
 </body>
</html>
