1763 3112
273 71 358 116 392
705 69 925 111 Onmnms
956 82 999 111 m
1031 69 1270 110 Jssnmwmm

277 184 457 224 leatores
484 193 591 222 sunt.
652 181 817 222 Idcirco
850 182 883 222 si
913 180 1002 222 heri
1031 181 1254 222 malleator
1281 197 1390 230 eras,
1428 192 1469 221 et
1500 181 1540 222 in
1573 199 1695 222 manu

275 259 478 300 malleum
509 257 774 309 continebas,
803 275 914 299 nunc
949 258 1134 309 discens,
1173 258 1270 314 quia
1299 275 1320 299 a
1353 257 1454 298 Cain
1486 258 1698 299 fratricida

277 336 472 376 oriuntur
501 335 786 386 malleatores,
824 335 986 393 projice
1017 335 1220 375 malleum
1264 335 1315 375 de
1360 351 1486 375 manu
1516 347 1611 385 tua,
1659 347 1699 375 et

276 414 519 467 transmigra
549 412 601 452 ad
631 413 940 462 malleatorum,
972 429 1077 469 quae
1108 412 1334 469 spiritualis
1361 425 1433 462 est,
1467 413 1701 465 generatio-

277 507 388 541 nem,
418 491 526 532 sicut
554 489 692 539 Enos,
725 502 766 530 et
795 490 1085 545 reliquorum,
1117 489 1188 545 qui
1219 489 1535 545 scripturarum
1568 489 1701 530 landi—

276 568 353 608 bus
396 568 642 608 efferuntur.
720 568 1021 608 Verumtamen
1060 567 1154 608 finis
1202 567 1435 608 confractio
1478 579 1539 608 est
1577 579 1701 622 atque

279 643 492 684 contritio.
565 644 621 685 Et
665 643 883 684 sciendum
931 644 1126 700 quidem,
1182 642 1380 700 quoniam
1426 645 1703 700 prophetatus

278 738 389 762 nunc
417 721 596 761 malleus
628 720 800 761 zabulus
830 721 895 771 sit,
925 721 1102 762 malleus
1133 737 1220 761 non
1253 720 1382 776 partis
1413 721 1590 776 alicujus
1620 733 1704 761 ter·
1762 764 1763 771 ἵ

279 815 362 849 rae,
393 799 467 839 sed
495 797 715 838 universae
745 808 894 848 terrae,
924 815 1004 854 pro
1038 815 1103 848 eo,
1137 800 1252 854 quod
1282 798 1324 838 in
1356 798 1473 839 omni
1493 810 1601 838 terra
1619 814 1704 838 ma—
1762 808 1763 814 ¹

282 875 370 917 litia
403 875 491 935 ejus
523 875 710 931 dispersa
740 874 806 924 sit,
839 886 880 915 et
909 875 1066 931 ubique
1097 876 1275 916 malleus
1305 875 1382 917 iste
1411 876 1569 916 malum
1603 891 1704 930 ope-
1755 899 1758 912 .

277 964 404 994 ratur.
462 953 539 994 Est
568 963 709 993 autem
741 951 864 992 etiam
895 952 976 993 hoc
1007 953 1254 1003 dicendum,
1294 953 1490 994 zabulum
1538 951 1704 991 univer-

277 1046 346 1070 sae
376 1041 511 1070 terrae
542 1029 743 1070 malleum
776 1045 876 1078 esse,
906 1045 992 1070 non
1025 1030 1134 1071 coeli
1158 1031 1374 1072 malleum.
1418 1030 1566 1085 Neque
1593 1028 1703 1069 enim

277 1105 462 1147 tenuiori
505 1105 759 1146 substantiae
800 1106 997 1147 convenit
1033 1108 1233 1158 malleus,
1272 1108 1345 1148 sed
1387 1106 1590 1147 crassiori.
1659 1105 1705 1148 Si

277 1193 421 1237 portas
449 1182 676 1234 imaginem
694 1183 865 1232 terreni,
895 1184 1075 1224 malleus
1100 1196 1157 1234 te,
1188 1184 1284 1240 quia
1306 1196 1495 1224 terrenus
1523 1200 1577 1233 es,
1609 1200 1705 1239 per-

278 1257 406 1311 eutit3
435 1258 470 1299 si
501 1275 670 1314 peccas,
702 1270 744 1299 et
773 1270 882 1300 terra
920 1276 982 1311 es,
1013 1272 1055 1301 et
1083 1260 1127 1301 in
1157 1272 1314 1301 terram
1343 1260 1447 1310 ibis,
1479 1260 1704 1316 experieris

277 1336 478 1377 malleum
508 1335 726 1377 universae
755 1347 891 1377 terrae
933 1349 975 1378 et
1015 1337 1059 1378 in
1101 1348 1142 1378 te
1185 1349 1445 1394 operantem.
1502 1339 1627 1380 Juxta
1656 1338 1705 1379 il-

279 1414 426 1470 lum¹)
475 1413 766 1464 intellectum,
809 1413 919 1455 illud
961 1431 1130 1471 quoque
1167 1414 1585 1457 animadvertendum
1632 1427 1706 1465 est,

277 1490 496 1532 universae
525 1502 666 1533 terrae
698 1492 928 1543 malleum,
973 1491 1071 1548 quia
1111 1493 1334 1535 adversum
1365 1504 1513 1534 cuncta
1542 1505 1707 1533 terrena

278 1568 515 1625 potentiam
547 1585 666 1610 suam
689 1581 892 1621 exerceat,
923 1570 1119 1611 zabulum
1139 1587 1246 1612 esse:
1275 1588 1400 1627 posse.
1425 1581 1563 1611 autem
1582 1570 1707 1611 etiam

277 1647 488 1687 minorem
517 1647 723 1688 malleum
753 1646 955 1700 intelligi,
996 1646 1067 1703 qui
1105 1664 1192 1688 non
1230 1647 1449 1688 universae
1490 1659 1626 1688 terrae
1655 1648 1708 1688 sit

277 1724 479 1773 malleus,
516 1725 591 1764 sed
622 1724 757 1775 illius,
794 1736 842 1765 ut
871 1725 929 1766 ita
959 1725 1118 1776 dicam,
1159 1736 1200 1765 et
1236 1724 1351 1764 illius
1389 1725 1519 1780 partis
1559 1737 1706 1766 terrae.

277 1801 334 1842 Et
363 1799 397 1841 si
429 1799 663 1857 quidem2)
703 1818 785 1842 una
826 1801 965 1857 aliqua
1005 1802 1214 1842 contraria
1251 1801 1461 1842 fortitudo
1508 1802 1612 1842 mihi
1643 1819 1708 1843 re-

276 1888 448 1934 pugnat,
481 1888 523 1917 et
553 1877 812 1918 colluctatur
839 1895 1031 1929 mecum,
1071 1896 1159 1919 non
1200 1880 1344 1920 valens
1377 1896 1473 1919 cum
1502 1879 1707 1920 universis

277 1955 405 1997 simul
433 1953 676 1996 hominihus
707 1955 909 2008 congredi
936 1967 982 1995 ut
1012 1956 1206 2005 zabulus,
1251 1967 1352 1996 tunc
1382 1967 1444 1996 est
1475 1956 1646 2011 quidem
1665 1957 1706 2011 3)

276 2034 454 2075 malleus
484 2033 528 2074 in
557 2049 640 2083 me,
670 2032 744 2072 sed
773 2048 860 2072 non
890 2033 1108 2072 universae
1144 2044 1281 2073 terrae
1311 2032 1513 2082 malleus,
1546 2049 1705 2083 verum,

278 2123 325 2152 ut
357 2111 416 2152 ita
448 2110 601 2160 dicam,
624 2124 748 2150 'meae
777 2121 940 2150 tantum
971 2109 1149 2150 malleus
1176 2120 1326 2157 terrae,
1381 2109 1610 2151 Confracto
1636 2127 1707 2150 au-

276 2201 365 2230 tem
396 2200 438 2229 et
469 2188 653 2229 contrito
683 2187 840 2228 malleo
872 2187 1089 2227 universae
1119 2198 1277 2236 terrae,
1316 2186 1418 2242 quid
1446 2203 1616 2228 necesse
1648 2200 1708 2229 est

276 2265 471 2307 arbitrari
501 2267 554 2306 de
581 2266 739 2306 malleo
771 2264 955 2321 partium
993 2263 1160 2305 terrae?
1199 2263 1421 2320 Simulque
1453 2264 1644 2305 existimo
1663 2265 1705 2320 ⁴)

275 2344 555 2385 admiratione
589 2343 774 2395 dignum,
804 2341 1003 2399 quoniam
1032 2340 1251 2381 universae
1282 2352 1417 2382 terrae
1447 2342 1625 2383 malleus
1642 2344 1705 2382 'sit

277 2421 573 2463 comminutus.
635 2420 752 2474 Quid
785 2419 895 2460 enim
926 2434 1145 2471 magnum,
1185 2418 1217 2458 si
1257 2419 1411 2459 fractus
1449 2418 1618 2469 fuisset,
1663 2431 1704 2460 et

278 2499 482 2541 contritus
511 2498 689 2538 malleus
719 2497 904 2553 partium
941 2496 1108 2537 terrae?
1167 2496 1251 2537 Sed
1294 2512 1390 2536 vere
1430 2513 1542 2537 nunc
1573 2496 1705 2537 admi-

397 2682 436 2734 ¹)
470 2681 578 2722 Edd.
609 2678 804 2721 Merlini:
839 2678 964 2720 istum
992 2679 1274 2720 intellectum:
1308 2677 1419 2719 istud
1437 2694 1607 2734 quoque
1625 2688 1692 2717 etc

393 2752 436 2807 2)
467 2751 575 2792 Edd.
608 2750 804 2792 'Mcrliniz
837 2750 1009 2806 quidem
1044 2767 1139 2790 cum
1172 2767 1253 2790 una
1286 2761 1363 2790 etc.

391 2822 431 2878 3)
464 2823 571 2862 Edd.
607 2822 666 2863 M.
700 2820 940 2876 „quid-‘uns‘
1066 2820 1106 2875 ⁶¹)
1137 2820 1245 2862 Edd.
1280 2821 1339 2862 M.
1373 2818 1619 2871 „aestimo.“
