1763 3112
627 55 824 98 HOMmA
855 54 973 96 XXI.
1430 55 1512 102 405

94 167 292 210 consistit.
354 166 440 220 Qui
470 184 572 209 vero
603 178 803 224 peccator
833 176 894 206 est
932 176 972 206 et
1002 164 1144 206 nimiis
1173 167 1403 209 sceleribus
1434 186 1511 226 op-

92 261 270 301 pressus,
300 242 366 284 hic
384 242 427 284 in
441 244 662 302 Babylone
694 254 775 284 est:
808 242 947 297 hoc¹)
978 254 1119 283 autem
1148 243 1323 284 modico
1354 245 1509 296 minor,

92 333 132 363 et
169 321 351 362 necdum
390 337 521 377 usque
559 323 612 362 ad
656 336 868 362 summum
908 330 1184 375 peccatorum
1233 321 1401 362 culmen
1440 325 1512 364 ad-

90 398 302 446 scendens,
334 396 377 437 in
407 399 600 457 Aegypto
634 409 674 439 et
703 398 748 438 in
774 396 965 453 partibus
996 396 1178 455 Aegypti
1209 411 1508 441 commoratur.

88 475 143 515 Et
172 474 278 515 sicut
309 474 381 530 qui
409 474 453 516 in
482 475 643 517 Judaea
671 486 778 524 sunt,
809 490 895 515 non
919 475 1111 530 aequalia
1136 475 1275 517 cuncti
1290 476 1510 532 possident

87 552 203 592 loca:
236 551 340 592 alius
372 552 530 610 quippe
560 552 603 594 in
620 553 855 594 Jerusalem
888 563 961 602 est,
994 564 1035 593 et
1066 552 1170 594 alius
1199 552 1242 593 in
1261 553 1372 605 Dan,
1403 554 1509 595 alius

88 628 133 670 in
161 629 441 685 Nephtali32)
482 630 586 672 alius
624 629 669 671 in
708 629 861 671 finibus
906 630 1028 673 Gad:
1071 629 1131 671 sic
1172 646 1317 672 omnes
1354 631 1427 689 qui
1466 631 1508 673 in

87 708 281 765 Aegypto
312 718 420 757 sunt,
448 724 535 748 non
561 708 755 764 aequales
782 708 962 766 Aegypti
979 719 1118 764 partes
1134 707 1339 750 incolunt.
1386 708 1508 751 Alius

86 782 131 824 in
161 783 351 839 Taphni,
382 783 486 826 alius
524 785 568 826 in
598 784 814 841 Memphi,
847 786 954 826 alius
993 785 1036 826 in
1069 786 1290 844 Syene,³)
1328 787 1432 828 alius
1462 787 1506 828 in

86 861 262 902 Bubasti
290 861 460 904 habitat.
522 861 643 916 Quae
674 863 771 903 loca
799 863 1008 919 propheta
1036 862 1236 904 Ezechiel
1263 864 1391 920 plena
1416 882 1507 923 my-

86 938 221 981 steriis
253 955 356 980 voce
386 951 574 990 testatur,
607 939 779 980 nomina
811 956 980 997 quoque
1011 940 1195 996 partium
1224 941 1409 1000 Aegypti
1439 959 1507 983 ex·

85 1032 274 1072 ponens:
307 1017 359 1057 de
391 1018 540 1072 quibus
571 1016 604 1057 si
636 1016 726 1073 quis
757 1017 894 1058 lector
923 1017 1052 1059 fuerit
1076 1018 1319 1075 spiritualiS,
1352 1019 1506 1077 dijudi-

88 1111 181 1135 cans
215 1093 367 1144 omnia,
400 1105 441 1135 et
469 1093 559 1149 ipse
591 1109 613 1134 a
639 1092 808 1135 nemine
840 1094 1105 1152 dijudicatus,
1134 1112 1223 1137 non
1253 1098 1393 1139 solum
1418 1115 1506 1140 ma-

82 1171 195 1229 jores
222 1171 412 1225 regiones
444 1170 754 1224 allegorizabit,
793 1172 926 1213 veluti
953 1171 1160 1214 ,Iudaeam
1191 1185 1232 1215 et
1264 1176 1506 1232 Aegyptum

86 1261 126 1290 et
154 1249 433 1307 Babylonem,
464 1249 538 1289 sed
563 1248 789 1304 particulas
822 1265 991 1306 quoque
1019 1262 1178 1292 terrae:
1211 1262 1252 1292 et
1283 1254 1503 1308 quomodo

84 1327 128 1368 in
155 1328 338 1379 Judaea,
381 1326 617 1369 Jerusalem
648 1338 689 1367 et
716 1326 991 1378 Bethlehem,
1033 1339 1270 1385 ceterasque
1303 1330 1504 1384 civitates,

84 1406 142 1447 ita
177 1405 219 1446 in
260 1407 457 1464 Aegypto
502 1405 642 1458 legens
680 1404 952 1462 Diospolim,
993 1405 1236 1457 Bubastim,
1278 1407 1503 1465 Taphnim,

83 1482 336 1540 BIemphim,
354 1484 532 1540 Syenen,
551 1499 631 1539 pro
656 1483 875 1525 intellectu
894 1500 1037 1525 rerum
1054 1483 1262 1537 figurabit.
1307 1484 1444 1540 „Quis
1460 1487 1503 1543 ⁴¹)

84 1561 247 1618 sapiens
278 1573 318 1602 et
346 1560 545 1613 intelligit
574 1561 679 1603 ista?
722 1573 793 1603 aut
824 1562 914 1618 quis
944 1545 1185 1615 intelligens
1218 1575 1259 1604 et
1288 1565 1503 1617 cognoscit

84 1639 197 1681 ea?“
259 1638 422 1695 Quis5)
472 1639 620 1681 saltem
657 1639 701 1680 in
747 1639 931 1681 tenuiori
980 1657 1102 1682 sensu
1142 1641 1390 1683 constitutus
1432 1659 1502 1684 co-

82 1733 280 1772 gnoscere
308 1717 470 1773 poterit
498 1718 783 1768 voluntatem,
815 1734 940 1775 quam
971 1718 1154 1775 Spiritus
1183 1730 1348 1761 sanctus
1376 1720 1503 1762 habet

84 1795 279 1838 litterae?

194 1875 233 1917 2.
263 1874 423 1915 Verum
452 1892 562 1915 nunc
592 1875 709 1915 aliud
737 1873 1006 1930 propositum
1040 1885 1123 1925 est,
1162 1874 1264 1932 quid
1305 1875 1389 1927 his,
1426 1878 1500 1934 qui

79 1953 124 1995 in
146 1953 365 2010 Babylone
394 1964 503 2004 sunt,
532 1952 617 1993 Dei
645 1968 839 1994 sermone
859 1952 1166 2010 praecipiatur:
1197 1954 1357 2008 „fugite
1374 1955 1415 2012 6)
1447 1957 1501 1997 de

80 2031 223 2073 medio
252 2029 526 2089 Babylonis.“
583 2032 681 2072 Non
711 2031 936 2085 gradatim,
976 2048 1061 2072 non
1099 2032 1386 2088 pedetentim,
1425 2035 1498 2076 sed

84 2128 178 2152 cum
206 2108 456 2161 velocitate,
502 2126 598 2150 cum
639 2125 761 2150 cursu
799 2109 954 2163 fugite3
990 2111 1074 2150 hoc
1106 2121 1166 2151 est
1197 2110 1308 2152 enim
1337 2112 1494 2165 fugere.

80 2187 258 2242 „Fugite
275 2188 317 2244 ⁷)
354 2188 406 2227 de
446 2187 589 2229 medio
626 2187 900 2246 Babyloni5.“
979 2187 1233 2245 Quicunque
1279 2191 1499 2233 confusam

80 2266 242 2309 habetis
272 2264 454 2307 animam
484 2281 506 2306 a
537 2265 750 2307 variorum
772 2266 969 2324 passione
1000 2266 1216 2317 vitiorum,
1245 2268 1297 2308 ad
1326 2284 1403 2309 vos
1433 2269 1498 2310 di-

82 2345 231 2400 rigitur
260 2359 413 2387 sermo.
460 2343 515 2384 Et
543 2343 648 2385 mihi
678 2360 847 2401 quoque
877 2343 921 2385 id
951 2343 1092 2400 ipsum
1116 2343 1308 2401 jubetur:
1337 2346 1372 2388 si
1404 2346 1496 2404 qui-

197 2529 238 2585 1)
270 2528 378 2569 Edd.
409 2526 474 2568 M.
504 2525 607 2583 „qui
635 2525 717 2568 boc
747 2538 807 2569 est
835 2526 1008 2569 modico
1038 2527 1222 2571 minor.“

198 2600 241 2654 ²)
273 2598 381 2639 Edd.
413 2597 475 2638 M.
506 2596 779 2653 ‚,neptalim.“

197 2669 240 2724 3)
270 2668 380 2708 Edd.
411 2666 474 2707 M.
507 2666 690 2716 „siene.“
806 2667 849 2724 ⁴)
879 2669 981 2711 Hos.
1011 2668 1127 2720 XIV,
1160 2668 1224 2713 10.

201 2739 242 2794 ⁵)
269 2738 379 2778 Edd.
411 2735 607 2778 Merlini:
641 2737 728 2792 Qui
756 2739 906 2781 saltem
935 2750 1013 2783 etc.

161 2828 164 2830 ·
201 2808 244 2865 ⁵)
273 2807 431 2853 Jerem.
459 2807 530 2857 LI,
561 2806 600 2854 6.
778 2810 819 2868 ⁷)
848 2809 1003 2858 Jerem‚
1032 2810 1102 2862 LI,
1133 2809 1173 2854 6.
