1734 3112
226 118 281 160 30
519 116 739 160 OmGENJs
770 131 815 160 IN
847 118 1028 161 CANTm.
1061 119 1367 163 emmenum

229 231 348 288 loqui
378 247 463 273 non
494 232 639 290 possit,
670 231 815 273 audire
845 231 960 273 aliud
985 232 1107 284 nolit,
1140 234 1322 287 cogitare
1349 234 1463 275 aliud
1484 235 1651 286 nesciat,

227 309 466 351 desiderare
506 322 673 368 praeter
710 310 872 366 ipsum,
917 323 986 351 aut
1028 328 1181 367 cupere
1221 313 1337 353 aliud
1378 312 1442 353 vel
1485 329 1651 368 sperare

227 403 313 429 non
345 388 494 430 libeat:
536 389 613 430 ista
643 389 779 430 anima
812 388 964 429 merito
998 389 1100 429 dicit
1121 390 1183 443 ¹):
1229 391 1497 441 „vulneratae
1515 390 1557 447 2)
1589 408 1654 432 ca-

226 465 358 508 ritatis
391 484 467 520 ego
498 474 654 509 sum:“
695 478 735 508 et
765 467 815 507 ab
849 466 926 506 illo
961 467 1109 507 vulnus
1141 467 1309 523 accepi,
1351 469 1401 509 de
1434 485 1517 525 quo
1552 468 1652 509 dicit

227 545 372 587 Isaias:
404 547 530 603 „et3)
561 547 704 603 posuit
735 562 802 585 me
833 544 941 585 sicut
971 544 1155 602 jaculum
1188 545 1383 596 electum,
1417 558 1458 587 et
1488 546 1528 587 in
1552 547 1653 603 plia-

226 636 335 666 retra
364 641 437 666 sua
467 624 687 666 abscondit
725 630 833 664 me.“
895 622 990 664 Tali
1022 623 1194 664 vulnere
1236 625 1357 665 decet
1387 624 1530 665 Deum
1560 642 1656 681 per·

227 713 368 743 cutere
400 702 571 754 animas,
602 702 754 743 talibus
785 700 931 759 jaculis
961 700 1140 757 telisque
1173 702 1396 754 configere,
1427 719 1474 743 ac
1503 704 1656 744 saluta-

226 780 340 822 ribus
381 798 447 822 eas
481 780 726 822 vulneribus
766 778 971 821 sauciare:
1012 791 1078 831 ut,
1121 779 1216 836 quia
1246 780 1364 822 Deus
1404 780 1548 823 caritas
1580 794 1656 825 esto

228 858 339 900 dicat
371 871 412 900 et
442 860 548 916 ipse:
587 891 611 910 „
624 858 720 916 quia
735 859 778 914 ⁴²)
812 858 1055 900 vulneratae
1087 857 1268 899 caritatis
1299 875 1375 913 ego
1406 866 1542 902 sum.“
1599 861 1656 902 Et

227 937 399 994 quidem
439 938 483 979 in
522 938 606 979 hoc
646 936 765 994 quasi
803 936 1009 977 amatorio
1054 936 1240 978 dramate
1279 954 1433 994 sponsa
1473 939 1654 980 caritatis

226 1032 268 1056 se
314 1016 417 1058 dicit
459 1017 631 1058 vulnera
668 1015 912 1072 suscepisse.
973 1015 1121 1056 Potest
1159 1027 1301 1057 autem
1338 1015 1535 1057 similiter
1570 1017 1655 1057 fer-

228 1109 326 1135 vens
357 1093 493 1136 anima
525 1110 620 1148 erga
648 1092 896 1151 sapientiam
920 1091 1005 1133 Dei
1026 1093 1066 1149 ⁵)
1100 1091 1253 1144 dicere,
1285 1092 1384 1150 quia
1413 1095 1655 1136 vulneratae

226 1172 452 1228 sapientiae
485 1189 561 1226 ego
592 1188 704 1213 sum:
737 1171 811 1212 illa
840 1169 1015 1222 scilicet,
1047 1186 1152 1226 quae
1181 1170 1409 1227 sapientiae
1441 1171 1528 1231 ejus
1559 1173 1653 1229 pul-

228 1250 509 1292 chritudinem
541 1250 684 1307 potuit
712 1249 878 1290 intueri.
938 1249 1087 1290 Potest
1128 1261 1168 1290 et
1208 1249 1287 1289 alia
1325 1250 1462 1292 anima
1491 1251 1655 1292 virtutis

226 1327 314 1386 ejus
345 1328 696 1381 magnificentiam
727 1338 944 1377 contuens,
976 1338 1017 1367 et
1046 1326 1248 1368 admirata
1279 1329 1514 1383 potentiam
1538 1330 1654 1370 verbi

225 1407 310 1447 Dei
341 1407 495 1457 dicere,
527 1406 623 1463 quia
654 1406 895 1446 vulneratae
927 1404 1091 1446 virtutis
1111 1421 1186 1458 ego
1204 1422 1309 1447 sum.
1350 1407 1478 1457 Talis,
1510 1409 1653 1458 credo,

225 1484 387 1541 aliqua,
417 1485 525 1527 sicut
555 1496 643 1526 erat
671 1484 767 1534 illa,
800 1499 905 1539 quae
937 1482 1122 1523 dicebat:
1165 1483 1405 1534 „Dominus
1421 1486 1463 1540 6)
1494 1485 1654 1525 illumi-

224 1563 338 1604 natio
382 1580 477 1604 mea
520 1564 615 1617 et7)
657 1562 766 1603 salus
807 1577 924 1612 mea,
972 1576 1098 1616 quem
1137 1560 1363 1604 timebo?“
1424 1562 1509 1604 Sed
1527 1565 1569 1619 ⁸⁴)
1613 1574 1654 1603 et

225 1642 306 1683 alia
336 1641 474 1682 anima
505 1658 599 1694 erga
629 1656 819 1681 amorem
849 1638 1033 1698 justitiae
1065 1638 1153 1696 ejus
1183 1640 1371 1690 fervens,
1413 1652 1454 1681 et
1484 1639 1653 1696 dispen-

225 1720 437 1762 sationum
476 1735 523 1760 ac
561 1717 855 1774 providentiae
899 1716 987 1772 ejus
1032 1716 1236 1774 justitiam
1276 1729 1502 1767 confflem,
1551 1717 1653 1759 dicit

224 1797 312 1840 sine
353 1797 508 1839 dubio:
548 1795 789 1836 vulneratae
830 1792 1012 1851 justitiae
1053 1811 1130 1847 ego
1170 1812 1275 1837 sum.
1334 1795 1391 1837 Et
1420 1794 1501 1835 alia
1531 1795 1653 1836 boni-

224 1876 319 1918 tatis
350 1874 437 1934 ejus
471 1890 518 1916 ac
547 1872 715 1930 pietatis
746 1871 1073 1913 immensitatem
1112 1872 1364 1929 respiciens,
1404 1872 1559 1915 similia
1589 1874 1654 1914 lo·

226 1953 378 2010 quitur.
439 1952 526 1995 Sed
567 1963 608 1992 et
645 1951 800 1991 horum
843 1949 1035 1991 omnium
1066 1951 1258 2003 generale
1301 1963 1361 1992 est
1398 1951 1511 1993 istud
1551 1952 1654 1993 caria

225 2031 319 2073 tatis
351 2031 522 2081 vulnus,
555 2046 639 2086 quo
671 2045 714 2070 se
747 2028 1008 2069 vulneratam
1037 2029 1254 2085 praedicat
1282 2046 1448 2086 sponsa.
1507 2029 1653 2072 Scien-

225 2111 328 2151 dum
365 2121 506 2151 tamen
538 2119 619 2158 est,
660 2107 798 2164 quod,
841 2106 948 2147 sicut
978 2119 1074 2148 sunt
1114 2108 1193 2149 ista
1221 2108 1307 2149 Dei
1343 2107 1502 2166 jacula,
1545 2123 1650 2164 quae

225 2187 386 2229 animae
425 2186 597 2228 habenti
636 2184 892 2226 desiderium
923 2186 1138 2226 bonorum
1177 2185 1321 2226 salutis
1352 2185 1503 2226 vulnus
1542 2185 1652 2226 infli-

225 2277 346 2319 gunt:
376 2265 435 2306 ita
463 2276 559 2305 sunt
589 2275 631 2304 et
658 2262 793 2321 jacula
816 2263 989 2316 maligni
1018 2262 1158 2317 ignita,
1191 2262 1341 2320 quibus
1362 2263 1513 2314 anima,
1544 2280 1650 2320 quae

223 2360 312 2386 non
343 2355 404 2385 est
433 2354 552 2385 scuto
584 2341 685 2382 fidei
713 2352 929 2397 protecta,
973 2341 1217 2382 vulneratur
1254 2340 1298 2382 in
1327 2353 1523 2384 mortem.
1582 2342 1650 2383 De

224 2421 323 2478 ipsis
355 2421 459 2462 dicit
487 2419 718 2477 propheta:
760 2436 895 2471 „ecce
914 2419 980 2475 ⁹),
1010 2429 1256 2478 peccatores
1287 2418 1557 2460 intenderunt
1586 2435 1649 2460 ar-

348 2540 388 2597 Ῑ)
418 2539 528 2582 Edd.
560 2540 621 2581 M.
654 2540 842 2591 ‚,dicat.“
964 2540 1006 2595 ²)
1038 2538 1199 2582 Cantic.
1229 2540 1294 2591 II,
1325 2541 1363 2584 5.

345 2611 388 2668 ³)
419 2610 543 2652 Jesai.
572 2610 740 2661 XLIX,
770 2609 810 2653 2.
915 2608 959 2665 ⁴)
990 2608 1148 2652 Cantic.
1181 2610 1245 2661 II,
1278 2611 1316 2654 5.

345 2682 385 2739 ⁵)
415 2682 549 2722 Deest
577 2680 700 2732 „Dei
714 2686 739 2705 “
769 2679 813 2720 in
844 2679 938 2731 edd.
970 2680 1032 2722 M.
1149 2681 1192 2737 6)
1221 2680 1376 2723 Psalm.
1396 2680 1578 2733 XXVII,
1609 2682 1645 2727 1.

345 2752 387 2809 ⁷)
418 2751 527 2793 Edd.
558 2751 619 2792 M.
652 2762 730 2802 „et
759 2750 941 2791 salvator
970 2767 1103 2803 meus,
1133 2757 1286 2807 quem“
1318 2763 1395 2794 etc,

341 2824 385 2879 ⁸)
414 2823 524 2864 Edd.
555 2822 617 2864 M.
647 2822 762 2872 „Sed
793 2833 833 2862 et
863 2821 999 2863 anima
1027 2839 1120 2875 erga
1145 2838 1308 2864 rnorem
1337 2821 1546 2879 justitiae“
1566 2834 1642 2863 etc.

342 2895 384 2950 9)
414 2893 567 2935 Psalm.
598 2892 682 2944 XI,
713 2892 752 2936 2.
