1763 3112
240 76 326 121 450
682 86 739 116 nx
774 73 985 116 Omssmm
1016 73 1223 118 szcu

245 186 454 247 ἱμάτιον,
501 189 540 232 εἰ
582 183 711 242 τύχοι
748 185 853 243 παρ’
888 177 944 230 οὗ
973 187 1066 242 δεΐ,
1098 190 1307 246 νομίμως
1336 187 1427 243 ἔχει
1456 188 1610 231 τοῦτο·
1645 188 1668 231 ὁ

248 266 301 310 δὲ
329 268 500 322 κλέψας
529 265 619 320 ἔχει
650 263 762 320 μὲν,
804 262 895 307 ἀλλ’
933 263 985 307 οὐ
1018 264 1230 313 δικαίως·
1269 261 1383 308 οὕτω
1414 261 1507 307 τῶν
1536 266 1672 308 διδα-

247 340 454 388 σκόντων
495 340 587 386 ἀπὸ
619 341 803 400 γραφῆς
844 342 887 384 οἱ
918 339 1043 398 νόθῳ
1074 343 1199 401 ψυχῇ
1232 344 1308 384 καὶ
1337 343 1672 402 κεκηλιδωμένῃ

247 419 303 464 τὰ
345 418 524 479 ῥήματα
565 421 802 476 φέροντες,
844 421 1111 462 κλέπτουσι·
1152 421 1258 475 περὶ
1295 410 1361 462 ὧν
1398 418 1557 475 λέγοιτ’
1592 414 1672 462 ι’ἔν·

247 495 507 554 ,,πάντες’)
538 492 638 539 ὅσοι
666 487 815 550 ἦλθον
841 494 932 552 πρὸ
963 497 1101 553 ἐμοῦ,
1142 499 1329 540 κλέπται
1370 499 1457 540 εἰσὶ
1488 500 1563 539 καὶ
1593 500 1675 557 λῃ-

247 577 374 630 σταὶ,
415 575 492 617 καὶ
532 571 614 616 οὐκ
643 568 848 627 ἤκουσαν
878 573 1028 618 αὐτῶν
1057 573 1110 618 τὰ
1140 572 1396 633 πρόβατα.“
1460 576 1676 622 Τοιοῦτος

249 651 274 698 ὁ
312 651 434 709 λόγῳ
466 647 707 710 χρώμενος
745 649 1048 707 εὐαγγελικῷ,
1098 649 1162 708 μὴ
1204 655 1353 695 πίστει
1392 651 1677 706 διακείμενος

247 729 363 790 πρὸς
393 726 561 779 αὐτὸν,
599 726 716 786 μηδὲ
755 726 883 782 βιοὺς
920 727 1011 771 κατ’
1047 726 1198 784 αὐτὸν,
1232 727 1443 787 ἀλλοτρίᾳ
1474 728 1523 772 δὲ
1553 744 1675 786 προ-

248 811 415 868 αιρέσει
439 802 678 864 χρώμενος
706 806 758 865 τῇ
788 807 868 849 τοῦ
900 801 1040 862 λόγου
1072 805 1349 863 ἀπαγγελίᾳ·
1380 809 1567 861 κλέπτης
1582 803 1674 863 γάρ

247 885 356 939 ἐστι,
389 886 467 938 καὶ
504 881 773 939 λεχθήσεται
811 882 924 941 πρὸς
964 881 1126 927 αὐτόν·
1170 882 1228 939 ,,ὁ
1245 883 1288 940 ²)
1331 883 1570 945 κηρύσσων
1608 881 1670 940 μή

248 965 471 1018 κλέπτειν,
503 960 756 1008 κλέπτεις.“

581 1244 679 1296 Κεᾳ
691 1235 852 1281 (ἔλαιον
881 1236 1088 1281 εἰκοστὸν
1117 1241 1343 1293 τέταρτον.

1373 1337 1402 1360 cc
1467 1335 1487 1351 <¹
1661 1338 1671 1351 ε

1486 1341 1609 1394 Οπερ
1650 1357 1673 1383 ο

362 1337 547 1394 ,,Καὶ3)
587 1338 752 1395 στηριῶ
792 1333 895 1384 τοὺς
932 1333 1207 1393 ὀφθαλμούς
1247 1353 1353 1392 μου.

247 1413 420 1471 κόσμος
448 1413 578 1470 ὅλος,
619 1416 750 1458 τοῦτο
793 1409 908 1456 κατά
939 1429 1039 1456 τινα
1071 1412 1327 1470 ἀναλογίαν
1356 1414 1451 1457 ἐστὶ
1478 1414 1621 1472 μόνος
1651 1414 1674 1460 ὃ

247 1488 506 1552 ἅνθρωπος.
565 1490 787 1552 Εὑρήσεις
815 1488 916 1535 τινὰ
947 1491 1035 1548 μὲν
1054 1489 1250 1551 οὐρανὸν
1267 1490 1534 1549 λεγόμενον,
1566 1492 1676 1538 ὅταν

248 1573 369 1632 φορῇ
401 1570 483 1626 τὴν
513 1568 670 1615 εἰκόνα
699 1572 780 1613 τοῦ
813 1570 1114 1627 ἐπουρανίου,
1163 1564 1303 1613 ἄλλον
1347 1571 1397 1614 δὲ
1435 1574 1549 1629 γῆν,
1593 1570 1676 1615 ἐὰν

246 1651 324 1710 ἔχῃ
354 1647 436 1704 τὴν
468 1645 624 1693 εἰκόνα
655 1650 735 1691 τοῦ
769 1649 961 1704 χοϊκοῦ·
1002 1649 1063 1704 τῷ
1105 1645 1195 1706 γὰρ
1234 1645 1511 1708 ἡμαρτηκότι
1549 1652 1675 1694 λέλε-

246 1741 373 1770 κται·
403 1728 497 1783 ,,γῆ
515 1726 561 1781 ⁴²)
592 1720 698 1769 εἶ·“
735 1720 875 1768 ἄλλον
894 1725 1056 1781 ἔχοντα
1079 1724 1321 1783 ποταμοὺς
1352 1726 1403 1769 ἐν
1435 1725 1556 1783 αὐτῷ
1589 1725 1673 1769 ἀλ-

247 1808 470 1862 λομένους
501 1806 564 1850 εἰς
593 1799 709 1856 ζωὴν
739 1799 950 1857 αἰώνιον,
992 1802 1074 1846 ἐὰν
1107 1803 1184 1863 ἔχῃ
1215 1801 1380 1860 λόγους
1408 1802 1675 1860 ποτιμωτά-

246 1895 372 1931 τους·
405 1876 545 1924 ἄλλον
574 1880 737 1936 ἔχοντα
758 1876 994 1923 θάλατταν
1010 1878 1234 1938 ἁλμυρὰν,
1267 1878 1486 1938 κυμάτων
1510 1880 1671 1941 πλήρη,

244 1961 443 2017 ἔχουσαν
474 1955 729 2016 δράκοντα,
774 1952 828 2000 ὃν
857 1955 1055 2000 ἔπλασεν
1086 1956 1109 2000 ὁ
1140 1955 1246 2006 θεὸς
1275 1959 1510 2016 ἐμπαίζειν
1539 1959 1674 2016 αὐτῷ.

244 2040 339 2081 Καὶ
369 2033 483 2080 κατὰ
512 2038 650 2094 μέρος
681 2031 881 2092 εὑρήσεις
908 2031 990 2077 τὸν
1017 2034 1106 2090 μὲν
1131 2033 1282 2090 ἣλιον,
1330 2035 1411 2079 τὸν
1449 2038 1497 2080 δὲ
1538 2035 1673 2091 σελή-

243 2132 328 2171 νην
358 2110 633 2171 λεγόμενον,
667 2114 743 2154 καὶ
772 2110 982 2170 ἀστέρας,
1016 2112 1115 2156 ἐπεὶ
1145 2110 1377 2168 ,,οὕτως5)
1410 2132 1432 2167 η
1469 2113 1673 2157 ἀνάστει-

245 2209 314 2244 σις
345 2197 436 2237 τῶν
465 2190 689 2249 νεκρῶν.“
749 2192 841 2232 Καὶ
870 2189 963 2247 μετ’
995 2189 1138 2246 ὀλίγα.
1198 2193 1301 2233 Νῦν
1332 2192 1387 2234 δέ
1413 2207 1556 2248 φησιν
1584 2191 1672 2235 αὗ-

244 2270 325 2315 τὸν
370 2265 666 2325 ἡπαραβολὴ
709 2267 851 2310 σῦκον
891 2263 1005 2312 εἶναι
1047 2265 1254 2326 πονηρὸν
1289 2271 1416 2311 λίαν·
1463 2266 1670 2324 γλινκιέζει

242 2349 331 2405 μὲν
359 2343 450 2403 γὰρ
482 2343 623 2388 αὐτὸν
652 2342 729 2388 διὰ
759 2343 1027 2393 πεπάνσεως
1065 2342 1087 2398 ἡ
1134 2342 1282 2403 ἀρετὴ,
1324 2343 1383 2395 ὠς
1424 2341 1537 2389 εἶναι
1571 2356 1668 2402 ψυ-

237 2424 329 2483 χὴν
361 2423 485 2479 ὅλην,
516 2424 592 2466 καὶ
622 2423 828 2477 πνεῦμα,
871 2424 950 2464 καὶ
981 2425 1113 2478 σῶμα
1144 2421 1287 2479 γλυκὺ
1316 2425 1393 2477 τῆς
1422 2424 1469 2473 ἐξ
1500 2423 1669 2483 ἀρετῶν

241 2501 478 2556 ποιότητος
509 2501 796 2554 ἐντιθεμένης
827 2499 946 2556 αὐτῷ
968 2514 976 2523 ·
1019 2498 1040 2553 ἡ
1084 2499 1133 2543 δὲ
1174 2505 1371 2558 πονηρία
1410 2501 1552 2546 κακὸν
1584 2502 1669 2545 αι’·-

362 2679 400 2731 Ι)
434 2677 524 2717 Cfr.
558 2691 620 2715 ev.
649 2674 801 2716 Joann.
834 2676 887 2725 X,
918 2675 958 2719 ὃ.
1081 2677 1124 2731 ²)
1155 2677 1279 2717 Rom.
1315 2677 1371 2726 II,
1401 2676 1468 2718 21.

353 2750 397 2802 ³)
426 2747 584 2788 Jerem.
616 2746 774 2794 XXW,
807 2745 846 2788 6.
967 2747 1008 2803 ⁴)
1043 2746 1129 2788 Cfr.
1164 2746 1271 2790 Gen.
1305 2747 1381 2797 ΠΙ,
1415 2746 1479 2790 19.

346 2821 388 2872 ⁵)
419 2818 438 2857 Ι
470 2816 556 2857 Cor
602 2817 694 2866 XV,
732 2816 795 2858 4⁷2.
