1734 3112
644 112 786 152 LmER
815 111 893 152 ΙΠ.
1429 109 1481 152 15

63 243 156 267 mus
186 241 263 282 per
292 226 394 265 hanc
425 223 558 274 viam,
598 240 702 280 quae
735 234 795 265 est
827 222 1037 272 Christus,
1078 223 1350 279 pervenire¹)
1383 240 1481 279 pos-

64 306 191 345 simus
214 303 256 344 in
286 303 379 352 hoc,
408 312 456 342 ut
486 300 591 341 facie
617 301 670 342 ad
691 301 841 342 faeiem
859 299 1263 356 comprehendamus
1288 317 1348 351 ea,
1380 317 1485 356 quae

64 381 179 437 prius
210 379 324 436 quasi
348 379 388 420 in
415 380 564 420 umbra
590 391 630 420 et
651 378 692 420 in
716 380 945 433 aenigmate
963 378 1211 420 videramus.
1258 379 1354 419 Non
1376 378 1487 418 enim

65 458 156 514 quis
185 456 344 513 poterit
373 458 425 498 ad
456 458 541 508 illa,
573 473 678 513 quae
712 474 805 498 vera
836 469 931 499 sunt
963 469 1004 498 et
1020 458 1223 514 perfecta,
1251 455 1487 511 pervenire,

64 536 143 577 nisi
171 535 287 591 prius
318 534 618 576 desideraverit
650 547 692 576 et
723 536 989 592 concupierit
1031 535 1073 576 in
1104 535 1180 576 hac
1210 534 1358 575 umbra
1387 532 1488 573 resi·

66 614 179 655 dere.
231 614 317 655 Sed
351 625 392 654 et
420 612 563 669 Job2)
595 629 765 654 omnem
794 613 1017 654 hominum
1046 612 1233 668 vitam3)
1267 610 1370 652 dicit
1400 626 1487 651 esse

63 692 257 732 umbram
286 707 413 748 super
441 702 624 732 terram:
661 692 786 732 credo
817 708 897 748 pro
931 707 997 742 eo,
1029 692 1144 748 quod
1175 690 1311 731 anima
1340 688 1381 729 in
1413 689 1489 730 hac

66 769 151 811 vita
179 770 417 811 velamento
450 767 571 827 hujus
602 769 727 810 crassi
759 769 950 826 corporis
982 770 1269 810 obumbratur.
1329 766 1489 808 Omnes

67 864 187 902 ergo,
219 847 293 904 qui
323 846 366 888 in
395 847 471 888 hac
501 846 585 887 vita
615 858 731 898 sunt,
769 863 937 889 necesse
969 859 1030 890 est
1059 848 1103 889 in
1132 848 1282 888 umbra
1310 844 1489 902 quadam

65 943 165 968 esse.
224 926 311 968 Sed
341 924 413 966 alii
444 924 615 981 quidem
655 937 750 966 sunt
790 926 982 967 sedentes
1020 924 1061 966 in
1102 925 1273 978 regione
1315 924 1489 964 umbrae

64 1003 224 1056 mortis,
255 1003 299 1045 hi
327 1003 539 1060 profecto,
570 1002 749 1060 quinon
771 1005 947 1045 credunt
963 1003 1143 1046 Christo.
1176 1001 1367 1044 Ecclesia
1387 1017 1488 1042 vero

67 1100 162 1125 cum
190 1081 345 1124 fiducia
375 1080 495 1123 dicit:
526 1080 596 1132 „in
614 1080 655 1137 ⁴)
671 1083 821 1123 umbra
843 1081 987 1139 sponsi
1006 1079 1244 1138 concupivi,
1277 1091 1318 1121 et
1342 1077 1492 1120 sedi:“

69 1160 256 1217 quamvis
288 1171 399 1200 certe
429 1158 557 1199 suerit
585 1170 767 1216 tempus,
798 1175 882 1216 quo
914 1158 1104 1216 potuerit
1134 1158 1226 1215 quis
1246 1158 1323 1199 sub
1344 1157 1492 1197 umbra

70 1238 172 1291 legis
201 1238 407 1288 residens,
452 1237 624 1278 defendi
664 1253 686 1277 a
725 1237 878 1278 duritia
915 1237 1075 1279 ardoris
1118 1248 1160 1278 et
1198 1247 1346 1278 aestus.
1407 1234 1494 1276 Sed

71 1315 233 1356 transiit
272 1315 382 1355 illud
421 1326 602 1371 tempus.
668 1314 935 1356 veniendum
976 1326 1037 1356 est
1080 1331 1189 1355 nunc
1240 1315 1292 1355 ad
1331 1312 1492 1354 arboris

70 1394 173 1435 meli
201 1394 414 1435 umbram:
456 1404 497 1433 et
528 1392 715 1449 quamvis
747 1392 909 1434 diversa
938 1391 1030 1448 quis
1059 1403 1202 1432 utatur
1231 1393 1402 1442 umbra,
1432 1390 1492 1431 vi-

73 1473 196 1513 detur
234 1483 374 1512 tamen
414 1471 551 1511 omnis
588 1470 749 1521 anima,
795 1470 931 1510 donec
968 1469 1010 1509 in
1047 1469 1259 1525 praesenti
1297 1469 1381 1510 vita
1419 1478 1493 1516 est,

73 1551 266 1592 umbram
296 1550 449 1590 babere
478 1547 763 1598 necessariam,
794 1558 971 1604 propter
998 1546 1122 1588 illum
1143 1548 1270 1589 credo
1296 1547 1494 1587 ardorem

75 1629 198 1679 solis,
238 1627 330 1683 qui,
373 1642 469 1667 cum
499 1637 667 1667 exortus
696 1624 843 1676 fuerit,
887 1624 1087 1666 continuo
1118 1641 1282 1675 semen,
1322 1624 1495 1680 quod-¹³)

74 1722 162 1747 non
190 1705 274 1746 alta
302 1703 442 1746 radice
473 1703 711 1745 demersum
741 1713 815 1753 est,
844 1701 994 1744 arescit
1023 1719 1070 1743 ac
1086 1702 1128 1759 6)
1170 1701 1348 1758 deperit.
1409 1701 1495 1743 Sed

75 1783 186 1825 hunc
230 1783 426 1824 ardorem
473 1781 657 1823 tenuiter
702 1780 874 1837 quidem
922 1778 1024 1834 legis
1071 1779 1221 1820 umbra
1266 1778 1495 1835 propellit:

79 1859 234 1903 Christi
262 1876 363 1901 vero
395 1860 564 1910 umbra,
604 1858 648 1900 in
679 1875 760 1916 qua
787 1874 901 1899 nunc
929 1857 973 1898 in
1001 1856 1194 1910 gentibus
1224 1855 1422 1908 vivimus,
1451 1855 1497 1897 id

79 1951 154 1990 est,
184 1936 477 1980 incarnationis
510 1936 597 1996 ejus
621 1937 750 1988 fides,
794 1947 954 1978 avertet
983 1934 1150 1992 penitus
1182 1945 1223 1976 et
1252 1934 1498 1988 exstinguet.

80 2016 162 2058 Ille
201 2016 337 2068 enim,
379 2016 511 2073 qui7)
548 2016 750 2057 adurebat
788 2014 1049 2055 ambulantes
1087 2013 1164 2054 sub
1204 2013 1354 2054 umbra
1382 2011 1499 2064 legis,

78 2105 272 2151 tempore
310 2092 514 2150 passionis
545 2092 721 2143 Christi,
763 2090 871 2132 sicut
888 2091 931 2147 Β)
961 2090 1103 2143 fulgur
1140 2090 1251 2132 visus
1291 2102 1353 2132 est
1393 2088 1500 2131 ceci-

82 2171 189 2212 disse
221 2172 273 2213 de
304 2171 450 2222 coelo,
492 2170 679 2227 quamvis
711 2169 838 2212 etiam
867 2168 955 2227 ejus
970 2169 1012 2226 ⁹)
1041 2169 1216 2209 umbrae
1253 2179 1420 2223 tempus
1456 2165 1499 2206 in

70 2242 165 2289 ‘fine
194 2248 349 2291 saeculi
379 2248 654 2306 compleatur,
685 2247 794 2305 quia,
824 2246 932 2289 sicut
961 2246 1153 2298 diximus,
1183 2256 1281 2302 post
1308 2259 1501 2286 consum-

205 2443 245 2500 ¹)
275 2443 383 2485 Edd.
411 2445 475 2486 M.
502 2462 624 2503 „quo
655 2444 876 2504 pervenire
889 2450 913 2470 “
943 2456 1023 2487 etc.

202 2514 246 2570 ²)
278 2513 364 2555 cfr.
394 2514 490 2556 Job.
514 2515 610 2558 VII.

204 2583 247 2640 3)
278 2583 386 2625 Edd.
417 2584 477 2625 M.
508 2585 673 2635 „vitam
701 2588 894 2628 umbram
925 2585 1060 2627 dicit“
1092 2595 1169 2626 etc.

204 2655 246 2711 ⁴)
279 2653 437 2696 Cantic.
467 2655 524 2706 Π,
552 2654 590 2699 3.
710 2657 752 2714 ⁵)
781 2657 891 2699 Edd.
921 2657 983 2698 M.
1016 2655 1170 2712 „quod
1200 2653 1241 2694 in
1272 2653 1404 2693 atta.“

205 2725 248 2782 ὃ)
279 2724 388 2765 Edd.
417 2725 481 2766 M.
512 2737 590 2775 „et
621 2727 829 2782 deperit.“

207 2795 248 2852 7)
283 2796 415 2836 Deest
446 2795 591 2851 „qui“
622 2796 663 2836 in
697 2797 789 2837 edd.
822 2797 882 2838 M.

207 2866 251 2923 Ε’)
281 2866 390 2907 Edd.
421 2867 482 2907 M.
513 2865 620 2922 „qui
651 2866 802 2907 sicut.“
922 2867 965 2923 ⁹)
996 2867 1103 2908 Edd.
1137 2866 1195 2906 Μ.
1229 2862 1436 2921 „hujus.“
