1734 3112
579 86 778 128 ΗοΜΗ-ῐΑ
808 85 926 127 VIII.
1383 86 1464 131 195

45 202 137 244 ἐστι
168 202 293 245 θεοῦ.
350 197 476 243 Ἀλλὰ
519 197 569 244 τὸ
599 199 687 259 μὲν
715 196 1022 256 ὑποκείμενον
1053 194 1103 240 ἕν
1133 195 1249 251 ἐστι,
1286 203 1382 246 ταῖς
1411 199 1462 242 δὲ

45 279 265 327 ἐπινοίαις
294 276 346 321 τὰ
376 274 524 321 πολλοὶ
565 273 769 334 ὀνόματα
812 275 889 319 ἐπὶ
927 270 1169 334 διαφόρων
1203 274 1311 317 ἐστί.
1370 277 1462 318 Καὶ

46 355 98 400 οὐ
129 353 293 400 ταύτὸν
323 358 442 404 νοεῖς
470 356 576 412 περὶ
605 355 683 398 τοῦ
715 354 933 413 Χριστοῦ,
969 349 1040 396 ὅτε
1072 355 1190 401 νοεῖς
1215 349 1355 395 αὐτὸν
1381 366 1463 396 σο-

44 437 174 492 φίαν,
205 433 282 476 καὶ
312 428 384 476 ὅτε
415 436 534 481 νοεῖς
563 430 702 476 αὐτὸν
747 427 1055 484 δικαιοσύνην.
1116 426 1218 473 Ὅτε
1257 428 1344 485 μὲν
1374 426 1466 488 γὰρ

42 515 242 570 σοφίαν,
287 507 369 564 τὴν
408 508 661 566 ἐπιστήμην
690 504 936 567 λαμβάνεις
973 511 1064 552 τῶν
1099 510 1241 552 θείων
1270 509 1346 550 καὶ
1374 505 1464 551 τὶν-

40 591 309 647 θρωπίνων·
343 584 415 632 ὅτε
447 588 497 631 δὲ
526 583 837 642 δικαιοσύνην,
870 584 952 640 τὴν
977 587 1055 630 τοῦ
1081 584 1172 629 κατ’
1194 584 1325 635 ἀξίαν
1343 583 1465 629 ἀπο-

41 662 286 722 νεμητικῆν
316 662 519 723 δύναμιν
552 666 602 710 ἐν
632 666 692 722 τῷ
721 667 882 710 παντί·
916 665 992 708 καὶ
1017 659 1352 721 ὅτειῖγιασμὸν,
1385 659 1466 706 τὸν

0 778 3 790 ,
39 739 380 801 περιποιητικὸν
426 744 506 787 τοῦ
556 740 715 801 ἁγίους
758 744 975 800 γενέσθαι
1020 739 1123 791 τοὺς
1174 736 1468 789 πιστεύοντας

40 822 118 864 καὶ
156 819 482 878 ἀνακειμένους
519 822 581 878 τῷ
620 823 731 877 θεῷ.
811 816 962 869 Οὕτως
1001 810 1085 864 οὖν
1123 821 1200 862 καὶ
1239 814 1467 877 φρόνησιν

41 896 181 943 αὐτὸν
211 896 413 954 νοήσεις,
456 896 523 942 ὅτι
565 895 788 955 ἐπιστήμη
821 897 944 941 ἐστὶν
975 897 1168 955 ἀγαθῶν
1207 899 1283 940 καὶ
1315 897 1468 939 κακῶν

39 977 117 1020 καὶ
161 974 428 1034 οὐδετέρων.
496 975 625 1021 Ἐπεὶ
666 967 749 1019 οὖν
778 978 1017 1035 χωρίζεται
1055 980 1148 1024 τοῖς
1186 975 1236 1018 ἐν
1285 972 1466 1032 οὐρανῷ

39 1056 353 1110 κατοικοῦσιν,
396 1050 425 1108 ἦ
463 1059 556 1102 τοῖς
595 1051 676 1097 τὸν
716 1050 934 1110 οὐράνιον
965 1049 1219 1111 ἄνθρωπον
1250 1054 1464 1110 φοροῦσι,

33 1137 320 1190 χωρίσαντος
348 1128 404 1175 τὰ
438 1127 557 1175 κακᾰ
588 1129 680 1175 ἀπὸ
713 1133 802 1175 τῶν
832 1129 1038 1188 ἀγαθῶν,
1071 1134 1147 1175 ἵνα
1176 1133 1335 1188 μηκέτι
1372 1145 1465 1186 μο-

39 1207 225 1266 λύνηται
253 1210 425 1259 ἐνεῖνος
457 1207 478 1253 ὁ
514 1207 707 1265 οὐρανὸς
737 1207 814 1253 διὰ
845 1209 894 1252 τὸ
924 1211 974 1269 τῇ
1004 1205 1227 1269 φρονήσει
1253 1210 1333 1252 τοῦ
1353 1209 1465 1252 θεοῦ

39 1285 305 1334 ἐκτετάσθαι
326 1285 406 1332 τὸν
429 1285 640 1348 οὐρανόν·
673 1284 785 1343 μήτε
819 1284 840 1331 ὁ
866 1288 1056 1342 δίκαιος,
1090 1283 1155 1330 ὢν
1186 1282 1392 1345 οὐρανὸς·
1416 1310 1465 1317 -

39 1366 131 1411 ἔστι
159 1364 251 1424 γαρ
281 1369 358 1410 καὶ
390 1363 412 1409 ὁ
446 1367 620 1414 δίκαιος
651 1362 858 1424 οὐρανὸς,
893 1362 952 1414 ὠς
978 1362 1284 1426 παραστήσω’
1316 1388 1368 1396 -
1399 1365 1466 1407 εἴ-

42 1460 195 1503 ρηται·
226 1446 336 1500 ,,καὶ
353 1444 394 1500 ¹)
426 1443 611 1493 ἐξέτεινε
637 1441 717 1486 τὸν
740 1442 941 1504 οὐρανὸν
955 1445 1005 1504 τῇ
1031 1440 1252 1500 φρονήσει
1272 1440 1466 1486 αὐτοῦ.“

41 1524 147 1571 Πῶς
191 1513 275 1566 οὖν
318 1521 559 1566 ἐκτείνεται
599 1517 620 1564 ὁ
654 1519 872 1579 οὐρανὸς,
915 1518 1196 1574 ἐκτεινούσης
1226 1516 1364 1562 αὐτὸν
1393 1520 1468 1573 τῆς

46 1603 240 1658 σοφίας;
289 1600 517 1655 Δηλοῦται
564 1598 636 1654 δὲ,
684 1595 745 1648 ὠς
787 1595 810 1652 ἦ
861 1602 1006 1656 σοφία
1053 1597 1237 1642 ἐκτείνει
1285 1596 1334 1640 ἐν
1374 1597 1466 1652 τῷ·

42 1674 231 1733 ,,ἐπειδὴ
249 1675 294 1732 ²)
328 1676 549 1726 ἐξέτεινον
577 1672 765 1734 λόγους,
797 1677 874 1720 καὶ
904 1675 958 1719 οὐ
996 1674 1308 1736 προσείχετε.“
1374 1675 1469 1715 Καὶ

41 1757 162 1812 λέγει
192 1755 376 1799 ἔκτασίν
402 1769 503 1799 τινα
530 1750 647 1799 εἶναι
675 1753 848 1811 λόγων·
883 1751 1024 1802 οὕτως
1054 1752 1295 1797 ἐκτείνεται
1327 1748 1349 1794 ὁ
1384 1748 1466 1794 οὐ-

44 1830 193 1893 ρανός.
266 1834 360 1876 Καὶ
405 1832 456 1877 ἐν
495 1834 556 1888 τῷ
599 1830 667 1889 ργ’
709 1834 885 1889 λέγεται
924 1832 1121 1888 ψαλμῷ·
1161 1828 1466 1886 ,,ἐκτείνων3)

40 1908 123 1954 τὸν
153 1907 353 1968 οὐρανὸν
383 1906 488 1954 ὡσεὶ
521 1910 728 1969 δ’ἐῤῥιν.“
790 1909 1060 1954 Ἐκτείνεται
1091 1908 1142 1952 δὲ
1173 1909 1250 1951 καὶ
1280 1904 1304 1961 ἡ
1338 1903 1464 1964 ψυχὴ

43 1984 175 2044 ἡμῶν
213 1983 435 2046 πρότερον
471 1991 779 2045 συνεσταμένη
796 1987 861 2044 ⁴²),
911 1990 988 2032 ἵνα
1035 1987 1211 2047 δυνηθῇ
1252 1987 1468 2043 χωρῆσαι

43 2063 125 2119 τὴν
154 2069 328 2124 σοφίαν
357 2067 434 2110 τοῦ
466 2068 592 2111 θεοῦ.
661 2064 793 2109 Ἀλλὰ
833 2064 924 2125 γὰρ
963 2064 1039 2109 ἐπὶ
1082 2061 1132 2109 τὸ
1161 2067 1470 2123 προκείμενον

45 2143 385 2204 ἐπανέλθωμεν.
440 2143 687 2202 Ἐλέγομεν
715 2146 821 2202 περὶ
847 2145 929 2187 τοῦ
949 2140 1029 2187 τὸν
1056 2139 1256 2203 οὐρανὸν
1277 2141 1326 2184 ἐν
1345 2156 1468 2198 φρο-

45 2217 172 2274 νήσει
198 2223 454 2278 γεγονέναι.
513 2226 610 2265 Καί
636 2237 815 2281 φαμεν,
854 2218 921 2264 ὅτι
953 2221 996 2265 οἱ
1024 2217 1104 2264 τὸν
1135 2215 1352 2279 οὐράνιον
1382 2212 1468 2260 ἰέν-

48 2303 243 2357 θρωπον
272 2301 541 2357 φοροῦντες,
583 2301 660 2343 καὶ
701 2298 834 2343 αὐτοί
869 2300 984 2343 εἰσιν
1025 2293 1228 2358 οὐρανός.
1286 2298 1347 2338 Εἰ
1374 2293 1467 2353 γὰρ

47 2373 162 2433 πρὸς
190 2373 271 2419 τὸν
301 2374 623 2437 ἁμαρτάνοντα
653 2379 850 2435 λέγεται·
881 2377 979 2433 ,,γῆ
996 2374 1038 2431 ⁵)
1070 2368 1132 2430 εἷ,
1173 2374 1249 2417 καὶ
1289 2373 1351 2422 εἰς
1377 2373 1469 2429 γῆν

0 2490 1 2496 ,
54 2451 347 2514 ἀπελεύση·“
377 2453 492 2515 πρὸς
519 2452 601 2500 τὸν
630 2455 812 2500 δίκαιον
848 2451 932 2499 οὐκ
964 2447 1024 2498 ἂν
1052 2453 1248 2512 λεχθείη,
1281 2439 1470 2495 οῧέστιν

0 2504 2 2562 ἑ

0 2799 6 2876 ἓ

60 2581 167 2589 ›——--.

173 2655 214 2711 ¹)
244 2654 400 2696 Jerem.
430 2652 486 2705 X,
518 2652 585 2698 12.
702 2655 746 2712 ²)
776 2655 903 2698 Prov.
933 2656 967 2707 I,
994 2653 1062 2701 24.

168 2725 212 2781 ³)
242 2723 397 2767 Psalm.
430 2723 540 2776 CIV,
569 2724 610 2768 2.
642 2723 798 2782 (CIII.)

170 2794 214 2852 ⁴)
243 2794 296 2836 H.
327 2793 380 2836 ad
408 2809 535 2847 marg.
565 2795 616 2836 R.
647 2793 692 2835 in
710 2795 843 2836 notis:
869 2794 1188 2847 „scribendumt
1220 2797 1468 2840 συνεσταλ-

54 2853 216 2909 μένη.“
482 2852 524 2909 ⁵)
555 2850 706 2895 Genes.
737 2853 817 2905 111,
847 2852 913 2898 19.

1101 2926 1193 2972 13*
