1734 3112
649 96 847 138 HommA
878 95 956 136 IX.
1437 93 1521 138 203

97 228 238 272 ματα,
271 210 351 256 εἴθ’
371 208 412 267 ¹)
443 206 542 258 ἑνός
571 226 652 267 μοι
682 209 900 258 λεξειὸίου
924 210 1057 269 χρεία
1089 207 1213 252 ἐστὶν
1235 206 1393 265 ὀλίγου
1416 210 1520 268 δρι-

97 291 293 347 μυτέρου
321 284 448 344 παρὰ
473 285 555 342 τὴν
579 287 752 332 ἐκείνου
776 289 958 346 μωρίαν
968 305 982 339 ;
1027 282 1179 335 Οὕτως
1201 286 1278 329 ἵνα
1294 289 1519 347 μωρανθῇ

100 366 124 420 ἦ
160 368 302 423 σοφία
330 365 409 408 τοῦ
441 361 618 422 κόσμου
645 361 833 419 τούτου,
876 362 928 408 οῦ
963 366 1098 423 χρεία
1136 364 1212 418 τῆς
1242 366 1411 421 σοφίας
1439 366 1520 407 τοῦ

99 445 209 487 θεοῦ
241 441 575 501 ἀγωνιζομένης
602 439 717 501 πρὸς
746 439 910 486 αὐτόν·
955 439 1065 497 αὕτη
1095 438 1186 501 γὰρ
1216 437 1335 484 κάτω
1368 439 1520 484 ἐστίν·

99 518 212 563 ἀλλὰ
243 517 374 579 ἀρκεῖ
399 517 448 563 τὸ
477 517 638 578 μωρὸν
668 521 747 563 τοῦ
776 521 913 575 θεοῦ,
961 516 1028 564 ὅτι
1045 516 1087 575 ²)
1128 516 1211 574 ,,τό
1252 515 1412 576 μωρὸν
1440 520 1521 562 τοῦ

96 599 233 652 θεοῦ,
275 594 541 655 σοφώτερον
576 599 668 642 τῶν
698 595 962 659 ἀνθρώπων
992 597 1112 641 ἔστί·
1144 598 1221 640 καὶ
1250 594 1301 640 τὸ
1333 594 1523 644 ἀσθενὲς

95 676 174 720 τοῦ
203 676 329 730 θεοῦ,
361 672 655 733 ἰσχυρότερον
683 677 773 719 τῶν
798 673 1062 733 ἀνθρώπων
1078 674 1240 719 ἑστί·“
1272 675 1347 718 καὶ
1368 670 1522 718 πάντα

94 749 149 796 τὰ
181 751 364 797 ἐναντία
396 750 419 796 ὁ
451 751 599 809 σωτήρ
635 769 728 812 μου
759 755 836 796 καὶ
877 751 900 797 ὁ
941 751 1094 811 κύριος
1132 751 1404 811 ἀνείληφεν,
1444 754 1523 795 ἵνα

95 834 188 879 τοῖς
225 830 447 880 ἐναντίοις
476 827 585 892 λύσῃ
615 829 671 874 τὰ
705 831 916 886 ἐναντία,
956 832 1034 874 καὶ
1063 828 1192 888 ἡμεῖς
1222 833 1523 888 ἲσχυροποιη-

94 910 255 967 θῶμεν
285 906 378 952 ἀπὸ
409 911 486 962 τῆς
520 907 762 960 ἀσθενείας
786 908 954 965 Ἰησοῦ,
987 909 1065 952 καὶ
1094 910 1398 967 σοφισθιῦμεν
1429 905 1522 952 ἀπὸ

93 987 172 1031 τοῦ
203 987 362 1046 μωροῦ
392 988 473 1031 τοῦ
502 989 642 1044 θεοῦ,
675 989 752 1031 καὶ
781 989 1066 1044 εἲσαχθέντες
1095 986 1146 1030 ἐν
1174 982 1350 1036 τούτοις
1378 986 1523 1041 δυνη-

94 1066 254 1121 θῶμεν
294 1062 520 1120 ἀναβῆναι
557 1064 634 1109 ἐπὶ
673 1062 758 1120 τῆν
787 1068 985 1123 σοφίαν,
1033 1064 1112 1108 ἐπὶ
1151 1060 1234 1119 τὴν
1270 1061 1405 1122 ἰσχὺν
1441 1064 1522 1108 τοῦ

93 1143 227 1198 θεοῦ,
272 1139 475 1202 Χριστὸν
499 1140 700 1198 Ἰησοῦν·
755 1132 790 1200 ᾦ
823 1142 945 1188 ἐστιν
974 1140 1002 1198 ἡ
1033 1140 1144 1193 δόξα
1175 1142 1251 1186 καὶ
1281 1139 1329 1186 τὸ
1361 1138 1523 1202 κράτος

94 1220 156 1268 εἷς
183 1216 287 1270 τοὺς
317 1221 498 1271 αἰῶνας.
552 1215 710 1279 Ἀμήν.

550 1567 726 1625 Ὁμιλία
766 1564 942 1624 ἒννάτη.
959 1567 1006 1625 3)
1018 1600 1028 1613 .

94 1685 174 1734 Εἰς
213 1680 286 1728 τό·
328 1681 387 1740 ,,ὁ
406 1682 449 1740 ⁴)
496 1681 631 1742 λόγος
671 1681 693 1727 ὃ
732 1679 981 1743 γενόμενος
1025 1679 1140 1740 πρὸς
1184 1682 1265 1728 τὸν
1298 1683 1521 1745 Ἰερεμίαν

91 1761 218 1821 παρὰ
250 1766 430 1820 κυρίου,
472 1763 641 1820 λέγων·
684 1757 906 1805 ἀκούσατε
948 1758 1053 1811 τοὺς
1090 1757 1258 1819 λόγους
1294 1765 1372 1818 τῆς
1412 1764 1519 1808 δια-

92 1837 232 1896 θήκης
270 1837 495 1896 ταύτης·“
531 1841 666 1899 μέχρι
696 1840 800 1884 τοῦ·
841 1836 1291 1898 ,,ἔ7τεστροὶφησαν“)
1334 1841 1412 1886 ἐπὶ
1439 1840 1521 1892 τὰς

220 1916 400 1968 ἀδικίας
429 1918 518 1961 τῶν
546 1919 756 1976 πατέρων
787 1915 940 1961 αὐτῶν
967 1919 1058 1961 τῶν
1100 1918 1385 1976 προτέρων.“

202 2030 239 2075 1.
270 2028 400 2076 Κατὰ
428 2031 518 2090 μὲν
546 2030 630 2087 τὴν
658 2032 991 2094 ἴστορουμένην
1028 2036 1292 2091 παρουσίαν
1323 2035 1404 2079 τοῦ
1434 2052 1519 2079 κυ-

92 2111 190 2166 ρίου
220 2106 356 2169 ἦμῶν
381 2108 526 2164 Ἰησοῦ
558 2112 776 2170 Χριστοῦ,
808 2114 1004 2169 γέγονεν
1033 2108 1154 2166 αὐτῷ
1172 2109 1215 2167 ⁶)
1246 2108 1272 2166 ἦ
1297 2110 1520 2170 ἐπιδημία

90 2189 354 2243 σωματικῶς
382 2185 607 2241 καθολικῆ
648 2204 713 2237 τις
749 2191 829 2231 καὶ
867 2184 1176 2244 ἐπιλάμψασα
1216 2185 1306 2245 ὅλῳ
1346 2191 1408 2246 τῷ
1438 2187 1518 2235 κό-

92 2278 207 2322 σμῳ,
241 2261 312 2308 ὅτε
332 2250 399 2320 χ,,ὁ
417 2263 460 2322 ⁷)
497 2263 630 2322 λόγος
672 2263 787 2325 σὰρξ
824 2267 1025 2323 ἐγένετο,
1067 2268 1144 2309 καὶ
1175 2264 1436 2321 ἐσκήνωσεν
1463 2269 1516 2313 ἐν

89 2340 280 2401 ἡμῖν·“
324 2333 414 2398 »ἦν
432 2341 476 2398 ⁸)
521 2342 611 2401 γὰρ
649 2342 698 2387 τὸ
742 2346 842 2402 φῶς
881 2342 930 2388 τὸ
970 2341 1217 2399 ἀληθινὸν,
1266 2339 1289 2388 ὃ
1336 2351 1517 2404 φωτίζει

91 2418 242 2464 πάντα
281 2413 532 2480 ἄνθρωπον
572 2419 824 2480 ἐρχόμενον
866 2425 928 2470 εἷς
966 2419 1046 2465 τὸν
1083 2418 1274 2478 κόσμον.
1344 2423 1423 2469 Ἐν
1452 2427 1515 2484 τῷ

209 2581 249 2638 ¹)
279 2579 361 2622 Ed.
391 2579 545 2621 Ruaei:
577 2575 647 2634 ἥθ’
682 2579 791 2631 ἑνός.
910 2582 953 2639 2)
984 2582 1005 2623 Ι
1036 2582 1134 2625 cor.
1166 2583 1200 2634 1,
1232 2583 1299 2626 25.

205 2651 250 2707 ³)
279 2650 333 2692 H.
368 2661 410 2691 et
436 2650 503 2701 R.‚
532 2649 649 2692 uncis
678 2650 871 2694 inclusis:
900 2651 1014 2712 juxta
1041 2653 1352 2713 Hieronymum
1380 2656 1454 2699 VI.

206 2719 248 2778 ⁴²)
278 2719 434 2762 Jerem.
465 2719 542 2770 XI,
574 2719 610 2763 1.
640 2720 679 2763 2.
799 2722 841 2778 ⁵)
870 2724 1028 2771 Jerem.
1057 2726 1135 2778 XI,
1166 2724 1232 2769 10.

207 2791 250 2847 ⁶)
279 2791 389 2832 Edd.
419 2789 585 2832 Huetii:
621 2789 775 2836 αὐτοῦ.
896 2793 938 2849 ⁷)
968 2795 1044 2837 Ev.
1074 2795 1223 2838 Joann.
1256 2795 1289 2845 I,
1322 2793 1389 2839 14.

205 2862 249 2918 ⁸)
281 2860 367 2905 Cfr.
400 2877 460 2904 ον.
491 2861 640 2903 Joann.
674 2862 707 2912 1,
737 2860 776 2905 9.
808 2860 873 2907 10.
906 2862 971 2907 11.
