1734 3112
226 107 282 152 28
524 106 744 147 Omossms
775 117 820 145 m
853 103 1034 146 CAch.
1068 103 1371 146 cmi-mortum

226 219 418 275 Melia¹)
449 235 550 260 vero
583 220 709 261 arbor
738 229 889 260 notum
933 217 1092 259 cunctis
1125 230 1206 267 est,
1250 219 1366 275 quod
1405 234 1490 259 non
1522 220 1661 262 solum

227 301 335 340 serat
374 299 578 348 fructum,
623 298 696 338 sed
737 308 778 338 et
817 296 1108 338 dulcissimum
1142 307 1182 336 et
1215 296 1507 338 suavissimum
1537 298 1656 340 ferat.

233 377 393 419 Omnes
424 376 551 429 igitur
580 374 772 416 homines
803 376 975 416 arbores
1007 374 1226 424 dicuntur,
1267 373 1354 415 sive
1384 375 1543 424 bonae,
1572 374 1659 416 sive

230 456 379 505 malae,
413 467 454 497 et
483 456 746 503 fructuosae,
779 453 865 494 sive
898 452 1204 500 infructuosae,
1236 451 1342 492 sicut
1373 463 1414 493 et
1444 452 1656 494 Dominus

226 533 268 575 in
300 532 519 586 evangelio
553 531 677 573 dicit:
716 542 814 581 „aut
831 531 872 586 ²)
905 529 1030 571 facite
1061 531 1257 570 arborem
1287 530 1466 579 bonam,
1499 542 1540 572 et
1570 532 1657 572 fm-

227 622 341 652 ctum
385 610 472 669 ejus
509 611 692 651 bonurn:
753 619 824 649 aut
861 607 987 649 facite
1031 608 1228 648 arborem
1257 609 1436 657 malam,
1487 621 1529 650 et
1568 610 1656 650 fru-

225 700 338 730 ctum
372 687 460 746 ejus
490 688 690 729 malum.“
750 687 825 728 Et:
858 685 1032 736 „omnis
1050 685 1091 741 ³)
1123 685 1270 734 arbor,
1302 701 1409 742 quae
1437 702 1525 727 non
1554 686 1656 728 facit

223 769 409 808 fructum
439 768 624 816 bonum,
668 764 903 815 excidetur,
944 775 986 804 et
1014 763 1056 804 in
1086 763 1225 816 ignem
1257 762 1489 806 mittetur.“
1549 764 1655 806 Tres

223 861 321 898 ergo
371 844 638 886 differentiae
680 843 724 884 in
762 842 1004 883 hominibus
1042 841 1240 882 videntur
1284 857 1383 883 esse.
1454 839 1654 896 Quidam,

221 923 295 980 qui
327 922 500 964 omnino
533 921 698 964 nullum
729 922 913 962 fructum
947 921 1142 970 afferunt,
1174 931 1216 961 et
1248 936 1345 961 ecce
1376 919 1460 970 alii,
1492 919 1564 976 qui
1595 921 1655 960 af-

221 1003 364 1042 serunt
380 1001 435 1057 ⁸).
483 1002 570 1043 Sed
600 1000 644 1041 in
676 1000 753 1049 his,
786 998 858 1055 qui
891 999 1087 1049 afferunt,
1120 1009 1190 1039 aut
1218 997 1321 1038 mali
1352 1009 1448 1038 sunt
1477 998 1653 1049 fructus,

221 1091 292 1122 aut
321 1078 436 1120 boni.
497 1078 578 1120 Hic
611 1094 709 1130 ergo
741 1093 915 1133 sponsa,
945 1076 990 1117 id
1022 1087 1106 1127 est,
1137 1075 1312 1117 ecclesia
1344 1075 1520 1126 Christi,
1553 1092 1653 1118 con—

219 1156 377 1199 firmari
417 1173 460 1198 se
500 1156 710 1213 postulat,
758 1167 799 1196 et
837 1154 1034 1196 reclinari
1074 1154 1246 1210 quidem
1277 1170 1404 1210 super
1432 1171 1560 1196 unam
1590 1172 1653 1196 ar-

217 1237 369 1276 borem
399 1234 629 1289 meliarn⁵)
670 1234 921 1274 afferentem
960 1234 1120 1273 fructus
1159 1234 1317 1274 bonos:
1369 1244 1410 1274 et
1450 1245 1564 1274 recte
1605 1251 1652 1276 ac

220 1325 523 1370 competenter.
587 1313 726 1367 Super
758 1311 822 1352 his
854 1310 966 1351 enim
999 1311 1274 1352 confirmatur
1305 1322 1346 1352 et
1376 1310 1556 1367 stipatur
1585 1329 1653 1354 ec-

217 1391 365 1442 clesia,
418 1391 490 1447 qui
534 1389 577 1431 in
622 1389 746 1431 bonis
788 1388 990 1445 operibus
1033 1389 1312 1439 fructificant,
1359 1399 1401 1430 et
1447 1402 1650 1433 crescunt.

219 1469 337 1526 Quid
368 1481 511 1510 autem
541 1479 623 1517 est,
667 1467 784 1524 quod
816 1466 858 1508 in
889 1465 1146 1523 myrrhis⁶)‚
1185 1466 1458 1508 infructuosis
1490 1469 1652 1510 scilicet

214 1546 436 1588 arboribus
477 1546 719 1587 confirmari
756 1544 848 1586 vult
889 1545 1023 1585 odore
1062 1543 1156 1584 solo
1195 1544 1502 1596 gaudentibus?
1557 1546 1648 1600 Ego

214 1637 335 1681 put0,
368 1625 485 1681 quod
517 1624 633 1673 istos,
665 1623 737 1680 qui
767 1624 861 1664 solo
895 1623 1030 1663 odore
1054 1623 1249 1675 gaudent,
1280 1634 1321 1663 et
1350 1625 1533 1666 necdum
1563 1625 1651 1666 fru-

217 1713 306 1744 ctus
336 1702 437 1743 fidei
468 1702 666 1751 afferunt,
698 1701 798 1742 illos
830 1700 960 1751 dicat,
993 1717 1098 1756 quos
1131 1700 1288 1742 Paulus
1320 1703 1372 1743 ad
1404 1702 1649 1744 Corinthios

216 1780 414 1830 scribens,
445 1779 568 1820 dicit:
600 1777 764 1836 ‚,qui⁷)
795 1778 994 1819 invocant
1011 1794 1169 1819 nomen
1186 1779 1366 1821 Domini
1396 1780 1531 1822 nostri
1547 1782 1650 1823 Jesu

217 1857 374 1901 Christi
403 1857 446 1898 in
479 1855 594 1898 omni
627 1856 726 1896 loco
758 1854 948 1911 ipsorum
981 1868 1021 1897 et
1050 1864 1287 1899 nostrum.“
1331 1859 1416 1899 Pro
1450 1875 1501 1901 eo
1535 1876 1649 1914 ergo,

214 1937 332 1993 quod
361 1935 558 1977 invocant
588 1951 745 1976 nomen
778 1933 939 1974 domini
971 1934 1105 1976 nostri
1134 1936 1236 1976 Jesu
1268 1937 1447 1989 Christi,
1491 1939 1646 1981 habent

212 2015 256 2056 in
286 2025 417 2055 semet
439 2013 539 2070 ipsis
564 2013 709 2055 odoris
737 2013 947 2069 quandam
972 2029 1019 2054 cx
1044 2012 1132 2070 ipsa
1167 2014 1436 2058 invocatione
1462 2017 1648 2061 nominis

215 2092 476 2134 suavitatem.
537 2092 624 2133 Pro
658 2107 709 2132 eo
730 2107 847 2141 vero,
878 2092 994 2148 quod
1024 2108 1112 2133 non
1144 2109 1239 2134 cum
1272 2094 1388 2135 omni
1418 2095 1575 2137 fiducia
1605 2110 1647 2139 et

212 2171 407 2213 libertate
438 2171 645 2212 accedunt
674 2170 728 2210 ad
757 2169 911 2220 fidem,
948 2170 1091 2212 nullos
1121 2171 1223 2212 fidei
1253 2173 1437 2215 afferunt
1471 2175 1646 2219 fructus.

209 2251 260 2290 In
290 2250 388 2290 loco
420 2249 503 2290 hoc
531 2264 756 2305 possumus
784 2264 862 2288 nos
895 2249 1217 2291 catechumenos
1256 2251 1456 2294 ecclesiae
1486 2253 1644 2296 intelli-

209 2344 327 2381 gere,
366 2343 493 2383 super
534 2343 638 2383 quos
678 2343 726 2367 ex
764 2337 882 2383 parte
913 2327 1053 2384 aliqua
1094 2329 1396 2373 confirmantur
1427 2332 1643 2374 ecclesiae.

209 2406 382 2447 Habent·
408 2404 521 2447 enim
551 2417 593 2446 et
621 2405 665 2446 in
694 2405 794 2461 ipsis
825 2422 912 2447 non
939 2423 1091 2462 parum
1119 2407 1322 2459 fiduciae,
1355 2420 1396 2450 et
1424 2409 1517 2466 spei
1544 2410 1640 2466 plu-

209 2484 385 2535 rimum,
429 2484 546 2540 quod
585 2494 626 2524 et
663 2483 744 2539 ipsi
774 2484 876 2525 fiant
915 2484 1142 2542 aliquando
1183 2488 1353 2529 arbores
1383 2487 1641 2538 fructiferae,

210 2570 253 2605 et
282 2563 526 2620 plantentur
555 2560 599 2601 in
628 2561 822 2617 paradiso
840 2563 925 2604 Dei
956 2564 1006 2604 ab
1037 2564 1130 2621 ipso
1161 2566 1344 2619 agricola
1373 2578 1504 2623 patre.
1543 2566 1640 2622 Ipse

330 2681 370 2736 ι)
403 2681 512 2723 Edd.
545 2683 605 2724 M.
638 2682 819 2733 „Melea
851 2691 990 2726 vero“
1023 2697 1100 2728 etc.

326 2754 368 2805 2)
398 2753 548 2794 Matth.
580 2753 691 2803 XII,
721 2752 788 2797 33.
908 2757 950 2813 ³)
981 2757 1132 2802 Matth.
1164 2757 1254 2806 ΙΙΙ,
1288 2755 1352 2799 10.

325 2821 366 2879 ⁴)
398 2822 506 2863 Edd.
538 2823 598 2866 M.
633 2824 882 2874 „afferant.“
1005 2830 1046 2882 5)
1079 2827 1187 2869 Edd.
1220 2828 1280 2868 M.
1313 2826 1570 2877 „meleam.“

327 2892 369 2947 ⁶)
401 2892 507 2934 Edd,
541 2894 601 2935 ⁷M.
634 2894 866 2953 „amyrisf‘
989 2899 1030 2953 ⁷)
1062 2898 1148 2940 Cfr.
1181 2897 1317 2939 ICor.
1351 2898 1391 2948 I,
1424 2898 1463 2940 2.
