1734 3112
697 106 837 149 Lmen
870 108 940 148 lV.
1482 105 1535 148 77

117 224 225 265 istud
256 225 332 265 sub
365 221 568 262 velamine
608 232 748 276 petrae
781 220 1008 273 agendum,
1048 233 1133 257 non
1174 218 1249 257 sub
1282 224 1374 258 αὔτε
1406 218 1534 267 nudo,

115 318 250 357 neque
281 313 327 342 ut
355 299 538 356 patiatur
566 297 665 339 solis
697 299 887 348 ardores,
928 314 979 338 ne
1020 296 1170 336 iterum
1202 295 1316 335 fusca
1349 296 1442 343 fiat,
1483 311 1534 335 ne

117 379 268 421 iterum
300 377 431 419 dicat:
482 376 764 432 „despexit¹)
804 392 870 416 me
902 375 1024 416 sol:“
1062 384 1288 430 propterea
1318 374 1394 413 sub
1430 372 1537 413 vela·

117 458 228 498 mine
264 466 407 512 petrae
447 453 528 507 agit
567 455 648 494 hoc
686 454 778 494 iter.
850 453 944 494 Hoc
984 464 1121 493 autem
1166 452 1303 507 ipsum
1345 451 1535 492 velamen

117 550 202 575 non
219 532 308 573 vult
340 549 387 573 ex
418 531 640 573 frondibus
672 532 815 586 csse2)
850 541 920 570 aut
951 529 1102 580 linteis,
1134 541 1203 570 aut
1234 529 1430 585 pellibus,
1460 529 1534 570 sed

115 622 274 668 petram
309 608 397 652 vult
427 610 464 650 ei
496 627 581 651 esse
613 610 817 658 velamen,
850 608 890 649 id
910 619 982 657 est,
1013 608 1133 647 firma
1159 619 1199 648 et
1221 606 1357 647 solida
1380 603 1534 647 Christi

115 689 319 741 dogmata.
379 688 525 744 Ipsum
553 704 733 744 namque
765 702 851 728 esse
881 697 1058 742 petram,
1088 685 1244 726 Paulus
1274 683 1533 741 pronuntiat,

116 765 277 808 dicens:
320 767 530 822 ’'Petrass)
562 778 700 807 autem
735 777 819 806 erat
853 763 1081 807 Ch1·istus.“
1144 762 1299 805 Christi
1329 779 1426 815 ergo
1459 761 1535 802 do-

116 843 246 885 ctrina
260 845 302 900 ⁴)
334 855 374 884 et
404 844 489 884 fide
519 843 553 885 si
579 844 800 897 obtegatur
829 842 978 892 anima,
1011 854 1051 882 et
1076 841 1250 891 veletur,
1281 851 1373 882 tuto
1395 850 1535 896 potest

115 922 166 964 ad
204 922 311 963 illud
349 921 569 978 pervenire
611 933 841 971 secretum,
879 920 952 961 ubi
992 920 1173 962 revelata
1211 918 1317 959 faeie
1360 916 1536 971 gloriam

114 1000 292 1042 Domini
332 1000 655 1056 contempletur.
717 999 875 1041 Merito
917 1011 1056 1041 autem
1092 997 1279 1038 velamen
1323 995 1433 1037 istud
1463 1011 1536 1051 pe³

114 1090 201 1120 trae
230 1090 368 1119 tutum
401 1077 598 1129 creditur,
630 1076 725 1134 quia
756 1089 795 1118 et
826 1078 1030 1119 Salomon
1063 1077 1113 1117 de
1147 1092 1192 1117 ea
1225 1073 1327 1115 dicit
1358 1073 1398 1113 in
1430 1072 1536 1112 Pro„

113 1156 285 1208 verbiis‚
327 1157 443 1213 quod
481 1155 650 1208 vestigia
690 1154 893 1211 serpentis
932 1171 1019 1196 non
1063 1165 1239 1211 possunt
1278 1148 1536 1208 deprehendi

112 1250 239 1291 super
266 1246 442 1291 petram.
504 1233 575 1276 Sic
606 1234 718 1275 enim
748 1232 824 1274 ait:
868 1232 1029 1290 ,‚tria⁵)
1063 1243 1178 1282 sunt,
1209 1247 1313 1287 quae
1344 1227 1538 1285 impossioe

112 1311 200 1353 bile
222 1324 283 1353 est
312 1311 412 1352 mihi
445 1310 695 1364 intelligere,
728 1322 768 1351 et
785 1322 992 1366 quartum,
1022 1311 1135 1366 quod
1161 1310 1332 1362 ignoro:
1367 1304 1538 1358 vestigia

112 1390 276 1446 aquilae
307 1389 499 1439 volantis,
532 1401 572 1430 et
594 1389 703 1429 viam
718 1388 923 1444 serpentis
945 1403 1072 1444 super
1094 1399 1271 1443 petram,
1305 1397 1345 1425 et
1368 1382 1534 1425 semitas

113 1468 229 1508 navis
272 1468 314 1508 in
356 1468 533 1523 pelago,
578 1478 619 1507 et
661 1466 744 1506 vias
786 1464 861 1505 viri
899 1464 940 1505 in
983 1465 1249 1521 juventute.“
1318 1459 1534 1517 Serpentis

118 1561 237 1598 ergo,
276 1545 320 1585 id
337 1546 380 1600 6)
417 1556 497 1594 est,
539 1543 652 1596 signa
684 1542 820 1598 aliqua
851 1541 1033 1598 peccati,
1071 1541 1115 1582 in
1143 1542 1220 1582 hac
1249 1551 1390 1596 petra,
1430 1553 1535 1594 quae

117 1634 177 1662 est
217 1621 427 1672 Christus,
466 1620 645 1662 inveniri
682 1636 768 1661 non
805 1630 1003 1675 possunt,
1051 1619 1146 1675 quia
1185 1618 1300 1659 solus
1341 1628 1422 1666 est,
1464 1614 1535 1671 qui

113 1711 336 1755 peccatum
378 1715 464 1740 non
509 1698 622 1738 fecit.
685 1695 818 1753 Hujus
860 1711 957 1754 ergo
997 1707 1141 1751 petrae
1183 1711 1283 1736 vero
1327 1692 1568 1735 velamine*

115 1776 250 1818 anima
280 1788 373 1817 tuto
394 1778 433 1833 7)
478 1774 669 1832 pervenit
699 1774 749 1814 ad
780 1772 1069 1830 promuralem
1099 1773 1264 1822 locum,
1295 1771 1338 1812 id
1371 1782 1453 1821 est,
1483 1771 1536 1811 ad

114 1854 486 1910 contemplandum
525 1851 808 1909 incorporalia
850 1862 890 1891 et
929 1862 1106 1892 aeterna.
1166 1852 1233 1891 De
1274 1850 1350 1890 hac
1390 1849 1536 1890 eadem

113 1943 233 1987 petra
269 1930 351 1972 alia
390 1931 507 1972 verbi
544 1929 683 1986 specie
724 1928 863 1970 David
906 1928 1002 1984 in‘3)
1034 1942 1175 1971 XXXIX.
1208 1929 1370 1985 psalmo
1410 1926 1533 1968 dicit:

115 2020 184 2060 „et
199 2009 240 2066 ⁹)
270 2008 414 2051 statuit
428 2025 552 2066 supra
568 2019 730 2065 petram
748 2007 878 2063 pedes
903 2022 1034 2056 meos,
1055 2018 1095 2047 et
1114 2006 1265 2048 direxit
1286 2021 1444 2059 gressus
1467 2004 1533 2059 ¹⁰)

115 2092 280 2127 meos.“
346 2088 434 2128 Nec
473 2085 657 2136 mireris,
702 2084 735 2125 si
775 2085 888 2140 apud
928 2083 1067 2125 David
1114 2096 1230 2140 petra
1275 2084 1375 2125 haec
1420 2080 1536 2140 quasi

116 2164 437 2205 fundamentum
469 2175 511 2205 et
543 2162 716 2220 crepido
750 2174 809 2203 est
840 2161 1022 2213 animae,
1053 2179 1130 2218 per
1161 2178 1286 2218 quam
1316 2159 1453 2217 pergit
1484 2159 1536 2199 ad

117 2239 280 2292 Deum,
313 2253 353 2282 et
383 2243 496 2298 apud
525 2241 800 2284 Salomonem
833 2240 1022 2281 velamen
1056 2252 1116 2280 est
1145 2239 1326 2288 animae,
1368 2238 1419 2278 ad
1449 2252 1538 2293 my—

120 2316 221 2358 stica
264 2314 489 2375 sapientiae
530 2330 687 2360 secreta
727 2317 955 2360 tendentis:
1004 2335 1098 2358 eum
1140 2329 1180 2358 et
1218 2316 1307 2372 ipse
1349 2312 1537 2357 Christus

239 2444 280 2501 ¹)
312 2444 468 2488 Cantic.
500 2447 543 2496 l,
574 2446 613 2489 6.
735 2444 777 2500 2)
807 2444 916 2486 Edd.
949 2445 1009 2486 M.
1043 2442 1118 2493 „ei
1150 2447 1288 2484 esse.“

233 2514 278 2569 ³)
310 2514 446 2556 ICor.
477 2515 531 2565 X,
561 2516 599 2558 4.
691 2515 733 2568 ⁴)
765 2514 874 2556 Edd.
892 2514 952 2556 M.
987 2513 1206 2565 „doctrina
1235 2510 1335 2553 fidei
1366 2509 1427 2551 si“
1458 2519 1536 2550 etc.

238 2585 278 2640 ³)
309 2584 437 2625 Prov.
471 2585 615 2635 XXX,
651 2586 712 2630 18.
746 2584 810 2628 19.

234 2655 277 2710 ⁶)
309 2654 418 2695 Edd.
440 2654 502 2695 M.
534 2654 605 2704 „id
628 2666 687 2696 est
708 2654 890 2696 diaboli:
924 2652 1107 2705 vestigia,
1139 2652 1182 2692 id
1213 2663 1273 2692 est
1300 2650 1535 2702 signa“etc.

236 2723 278 2780 7)
308 2723 417 2764 Edd.
430 2723 491 2764 M.
510 2729 667 2773 „tute.“
758 2723 800 2779 ⁸)
822 2724 931 2764 Edd.
944 2724 1006 2764 M.
1025 2723 1094 2772 „in
1106 2722 1242 2763 XVII.
1255 2720 1445 2775 psalmo“
1459 2729 1536 2762 etc.

238 2794 279 2850 ⁹)
313 2794 465 2835 Psalm.
496 2793 598 2843 XL,
629 2793 667 2835 2.
701 2793 946 2849 (XXXIX.)

216 2865 282 2921 ¹⁰)
315 2864 424 2906 Edd.
456 2863 517 2906 M.
552 2863 752 2915 „semitas
783 2869 943 2904 meas.“
