1763 3112
625 86 824 129 HommA
852 87 1013 130 XVIII.
1449 93 1534 143 325

72 198 186 249 ,καὶ
223 196 490 255 μετανοήσω
529 201 636 256 περὶ
679 201 770 244 τῶν
798 201 974 254 κακῶν,
1021 190 1086 243 ὧν
1123 199 1404 258 ἐλογισάμην
1442 209 1524 250 τοῦ

108 276 296 328 ποιῆσαι
334 274 499 324 αὐτοῖς.
579 278 672 319 Καὶ
710 278 850 332 πέρας
888 273 1067 330 λαλήσω
1108 276 1186 319 ἐπὶ
1221 277 1357 327 ἔθνος
1388 277 1415 332 ἢ
1455 282 1532 324 ἐπὶ

104 354 350 406 βασιλείαν,
369 353 446 394 τοῦ
464 351 885 410 ἀνοικοδομεῖσθαι,
919 354 996 395 καὶ
1013 355 1090 396 τοῦ
1108 352 1525 412 καταφυτεύεσθαι.

107 430 199 469 Καὶ
228 424 469 481 ποιήσουσι
499 427 552 471 τὰ
582 425 760 487 πονηροὶ
795 429 1005 473 ἐναντίον
1029 431 1162 487 ἐμοῦ,
1195 433 1274 474 τοῦ
1297 429 1360 487 μὴ
1380 431 1525 476 ἀκοῦ-

107 517 181 545 σαι
212 505 287 557 τῆς
317 507 473 560 φωνῆς
500 519 618 560 μου·
652 509 728 548 καὶ
758 504 1020 562 μετανοήσω
1053 510 1157 564 περὶ
1186 509 1275 551 τῶν
1307 507 1520 565 ἀγαθῶν,

108 572 173 623 ὧν
205 578 401 635 ἐλάλησα
431 584 509 625 τοῦ
540 586 726 637 ποιῆσαι
758 582 959 632 “inoffi-‘⁶
1025 586 1141 640 Περὶ
1181 586 1256 640 τῆς
1282 590 1529 637 μετανοίας

105 661 185 701 τοῦ
215 660 325 701 θεοῦ
357 657 677 716 ἆπαιτούμεθα
710 658 1114 717 ἀπολογήσασθαι·
1146 662 1277 705 δοκεῖ
1301 660 1392 719 γὰρ
1423 663 1527 706 ἐπί-

104 739 276 789 ληπτον
305 731 421 779 εἶναι
452 740 528 780 καὶ
559 735 771 791 ἀνάξιον,
808 737 860 780 οὐ
889 734 1039 794 μόνον
1070 739 1149 780 τοῦ
1180 741 1316 794 θεοῦ,
1349 738 1462 784 ἀλλά
1484 740 1524 796 ¹)

102 817 179 856 καὶ
209 815 288 856 τοῦ
322 817 488 871 σοφοῦ,
522 812 570 858 τὸ
601 818 858 871 μετανοεῖν.
930 812 1023 857 Οὐκ
1054 816 1224 859 ἐπινοῶ
1241 817 1281 871 ²)
1311 814 1402 875 γὰρ
1439 832 1523 862 σο-

109 888 204 947 φὸν
230 893 557 948 μετανοοῦντα,
593 889 684 933 ἀλλ’
722 887 744 933 ὁ
775 892 1028 945 μετανοῶν,
1062 889 1173 934 ὅσον
1195 893 1271 936 ἐπὶ
1302 896 1351 953 τῇ
1381 909 1523 949 συνη-

100 972 204 1023 θείᾳ
235 970 310 1021 τῆς
330 965 536 1024 χρήσεως
564 969 640 1022 τῆς
668 970 845 1021 λέξεως,
895 967 970 1010 ἐπὶ
1011 969 1073 1023 τῷ
1090 969 1132 1023 3)
1170 967 1234 1027 μὴ
1268 973 1415 1019 καλῶς
1442 978 1523 1027 βε-

100 1047 379 1101 βουλεῦσθαι
410 1048 638 1102 μετανοεῖ.
696 1041 743 1087 Ὁ
772 1041 877 1092 θεὸς
908 1043 972 1099 δὲ,
1006 1043 1303 1101 προγνώστης
1336 1044 1403 1092 ὧν
1431 1051 1522 1093 τῶν

98 1119 381 1181 μελλόντων,
429 1119 482 1164 οὐ
522 1117 712 1164 δύναται
748 1118 813 1176 μὴ
852 1123 998 1170 καλῶς
1031 1125 1390 1182 βεβουλεῦσθαι,
1442 1127 1521 1170 καὶ

96 1197 221 1257 παρὰ
253 1201 385 1241 τοῦτο
415 1202 672 1254 μετανοεῖν.
730 1199 838 1246 Πῶς
876 1188 960 1241 οὖν
1002 1195 1027 1252 ἡ
1060 1198 1217 1256 γραφὴ
1250 1199 1390 1245 αὐτὸν
1419 1204 1513 1252 εἷς-

96 1273 241 1332 η’γαγε
291 1278 506 1331 λέγοντα·
562 1272 943 1330 ,,μετανοη’σω;“
966 1274 1010 1330 ⁴)
1066 1271 1203 1320 Οὔπω
1249 1279 1391 1335 λέγω,
1449 1276 1518 1324 ὅτι

96 1356 173 1396 καὶ
211 1353 260 1396 ἐν
297 1357 394 1401 ταῖς
429 1353 688 1400 Βασιλείαις
727 1354 894 1407 εἴρηται
948 1351 998 1395 ἐν
1035 1354 1119 1408 τῷ·
1164 1358 1516 1412 ,,μεταμεμέλη-

95 1447 194 1489 μαι,
212 1429 253 1484 ⁵)
287 1426 353 1472 ὅτι
382 1428 537 1487 ἔχρισα
566 1426 647 1472 τὸν
675 1426 829 1472 Σαούλ
861 1430 922 1477 εἰς
949 1430 1187 1483 βασιλέα.“
1242 1435 1336 1475 Καὶ
1365 1438 1516 1478 καθο-

94 1509 228 1556 λικῶς
262 1507 368 1562 περὶ
405 1503 543 1548 αὐτοῦ
590 1507 788 1549 λέλεκται
819 1507 896 1548 καὶ
929 1512 1172 1560 μετανοεῖν
1186 1507 1228 1563 ⁶)
1269 1508 1381 1562 „3712
1419 1514 1516 1559 ταῖς

96 1581 379 1638 κακίαις.“7)
435 1580 544 1624 Ἀλλ’
584 1578 689 1638 ὅρα,
733 1585 779 1624 τί
804 1584 910 1639 περὶ
940 1585 1051 1626 θεοῦ
1081 1583 1398 1641 διδασκόμεθα
1427 1602 1514 1630 κα-

94 1659 376 1715 &eamn-8)
409 1656 525 1702 ὅπου
540 1658 628 1714 μὲν
649 1658 771 1716 ,,οὐχ
787 1658 828 1715 ⁹)
853 1657 913 1707 ὥς
931 1654 1177 1717 ἅνθρωπος
1204 1659 1226 1704 ὁ
1254 1661 1361 1711 θεὸς
1377 1663 1512 1721 διαρ-

95 1740 309 1793 τηθῆναι,
353 1735 458 1779 οὐδὲ
500 1733 559 1783 ώς
596 1735 692 1785 υἱὸς
725 1735 974 1792 ἀνθρώπου
1007 1737 1361 1793 ἀπειληθῆναι.“
1418 1742 1514 1783 Καὶ

92 1812 399 1871 μανθάνομεν
429 1810 504 1855 διὰ
535 1811 696 1866 ταύτης
724 1815 799 1868 τῆς
827 1816 1014 1866 λέξεως,
1050 1811 1117 1857 ὅτι
1149 1812 1171 1858 ὁ
1201 1812 1308 1863 θεὸς
1337 1814 1423 1873 οὐχ
1452 1813 1512 1865 ὠς

95 1887 362 1949 ἅνθρωπος,
413 1887 489 1932 διὰ
532 1890 583 1932 δὲ
622 1885 775 1943 ἄλλης,
829 1885 895 1932 ὅτι
936 1887 958 1933 ὁ
1000 1888 1107 1939 θεὸς
1146 1889 1205 1941 ὠς
1248 1887 1508 1950 ἅνθρωπος,

211 2079 252 2135 ¹)
281 2078 336 2120 H.
375 2076 490 2118 solus
531 2077 585 2118 ad
627 2077 879 2132 marginem:
923 2078 1060 2130 „C0d.
1103 2079 1349 2123 Vaticanus:
1395 2077 1509 2124 ἀλλὰ

92 2137 170 2181 τοῦ
202 2135 406 2192 σοφοῦ.“

207 2205 251 2262 ²)
280 2206 335 2246 H.
355 2205 408 2246 ad
422 2219 562 2257 marg.,
581 2204 632 2245 R.
648 2204 693 2245 in
707 2202 837 2245 notis:
863 2204 998 2256 ‚‚Cod.
1015 2204 1261 2248 Vaticanus:
1290 2207 1506 2251 gnacva'ist‘

210 2275 253 2331 3)
282 2275 337 2316 H.
367 2275 483 2316 solus
513 2274 566 2314 ad
592 2273 842 2327 marginem:
874 2273 1011 2324 „Cod‚
1038 2275 1283 2318 Vaticanus:
1315 2274 1408 2321 τό.“

210 2344 253 2398 ¹²)
289 2344 374 2386 Cfr.
406 2346 562 2385 Jerem.
592 2344 743 2395 XVIII,
772 2343 813 2387 8.
851 2343 917 2387 10.

211 2415 253 2470 ⁵)
286 2414 372 2455 Cfr.
403 2415 424 2454 I
455 2414 566 2454 Sam.
596 2413 689 2466 XV,
722 2414 786 2458 11.
818 2414 857 2470 (I
885 2415 1034 2472 Regg.)

209 2483 251 2538 ὅ)
284 2483 369 2526 Cfr.
401 2482 512 2524 Joel.
543 2482 597 2535 ΙΙ,
628 2482 693 2527 13.

214 2554 256 2610 7)
287 2553 340 2594 Η.
372 2553 425 2593 ad
453 2568 605 2605 marg.‚
642 2553 693 2596 R.
721 2553 766 2596 in
794 2555 928 2598 notis:
967 2556 1105 2609 „Cod.
1137 2553 1383 2597 Vaticanus:
1420 2570 1506 2598 κα-

94 2614 210 2660 κίαις
238 2607 546 2667 ανθρώπων.“

209 2678 252 2736 8)
283 2679 338 2721 Η.
368 2680 421 2721 ad
460 2695 609 2732 marg.,
646 2680 697 2721 R.
728 2680 772 2721 in
799 2680 931 2724 notis:
969 2682 1105 2736 „Cod.
1135 2679 1379 2724 Vaticanus:
1420 2696 1505 2725 κα·-

94 2734 301 2783 θολικά.“

209 2807 252 2863 9)
286 2807 413 2848 Num.
443 2805 607 2857 XXIII,
639 2804 702 2850 19.
