1763 3112
261 74 346 118 266
693 76 912 119 Omcssms
939 90 986 118 m
1013 77 1040 118 J
1043 87 1251 118 mmmmm

262 187 343 231 οὐκ
383 186 614 245 ἐλογίσθη.
699 180 839 239 Οὗτος
877 187 956 238 τὰς
994 187 1187 244 ἀνομίας
1223 186 1356 244 ἡμῶν
1394 190 1542 246 φέρει,
1594 193 1670 233 καὶ

259 266 365 321 περὶ
400 263 533 320 ἡμῶν
573 264 803 310 ὀδυνᾶται.
879 267 970 308 Καὶ
1010 263 1138 321 ἡμεῖς
1185 261 1495 322 ἐλογισάμεθα
1534 265 1671 311 αὐτὸν

259 337 375 386 εἶναι
404 342 454 385 ἓν
482 340 625 399 πόνῳ,
657 347 733 387 καὶ
764 343 814 387 ἐν
842 344 1006 403 πληγῇ,
1037 344 1114 385 καὶ
1144 343 1195 386 ἐν
1225 338 1438 386 κακώσει·
1469 338 1602 390 αὐτὸς
1621 343 1672 386 δὲ

259 419 595 478 ἓτραυματίσθη
626 419 703 463 διὰ
732 419 810 469 τὰς
840 419 1034 476 ἀνομίας
1062 418 1209 476 ἡμῶν.
1268 419 1462 463 Παιδεία
1496 416 1672 474 εἰρήνης

257 495 393 554 ἡμῶν
432 497 498 540 ἐπ’
543 495 704 540 αὐτόν’
745 499 806 553 τῷ
843 495 1036 553 μώλωπι
1079 495 1216 540 αὐτοῦ
1255 494 1383 554 ἡμεῖς
1419 493 1670 553 ῑιὶθημεν.“

258 572 439 618 Οὐκοῦν
469 573 657 629 ἀνέλαβε
686 572 768 627 τὴν
786 573 1032 618 ἀσθένειαν
1057 576 1147 617 τῶν
1170 571 1507 631 ἁμαρτημάτων
1523 571 1668 628 ἡμῶν,

255 654 330 693 καὶ
363 649 582 708 ἕφόρεσεν
610 649 749 707 ἡμᾶς,
791 654 866 694 καὶ
911 643 1022 707 ἦλθε
1052 649 1166 711 πρὸς
1195 649 1297 700 τοῦς
1326 654 1672 708 καταρωμένους

257 726 409 782 αὐτὸν,
441 730 519 770 καὶ
550 725 575 782 ἡ
606 726 733 784 ἰσχῦς
772 727 912 772 αὐτοῦ
944 728 1145 778 ἐξέλιπεν
1176 726 1266 772 ἀπὸ
1291 730 1383 771 τῶν
1398 730 1670 786 ’καταρωμέ-

257 820 347 847 ι’ων
386 803 460 847 ἀπ’
506 804 714 864 οὐρανῶν
752 810 1118 862 καταβαίνοντος.
1184 803 1304 862 ‘Apta
1347 802 1438 863 γὰρ
1477 803 1671 859 ἀνέλαβε

254 880 336 934 τὴν
364 884 443 925 τοῦ
474 879 642 925 δούλου
672 881 887 941 μορφὴν,
939 887 1016 926 καὶ
1053 881 1217 927 ἑαυτὸν
1253 883 1495 938 ἐκένωσεν,
1548 880 1607 930 ὠς
1647 879 1669 925 ὀ

255 957 507 1009 ἀπόστολος
527 956 668 1014 εἶπεν,
702 957 765 1003 ὅτι
791 961 1049 1015 ,,ἓκένωσεν
1069 962 1107 1018 Ι)
1139 959 1313 1015 ἑαυτὸν,
1345 957 1538 1019 μορφήν
1557 956 1670 1002 δού-

255 1040 334 1079 λου
364 1035 565 1092 λαβών.“
608 1037 868 1092 ,,Ἐξέλιπεν
884 1038 927 1095 ²)
960 1030 1055 1094 οὖν,
1089 1040 1246 1096 φησὶν,
1287 1035 1313 1092 ἡ
1344 1035 1472 1094 ἲσχύς
1499 1053 1591 1088 μου
1621 1035 1671 1078 ἐν

254 1119 344 1162 τοῖς
373 1118 709 1171 καταρωιιιένοις
735 1117 842 1170 με.“

367 1189 431 1232 10.
452 1187 649 1247 ’Ίδωμεν
679 1194 718 1234 εἴ
749 1190 887 1235 αὐτοῦ
921 1189 1130 1241 διδόντος
1158 1194 1238 1235 τοῦ
1270 1189 1410 1248 λόγου
1427 1188 1670 1245 δυνάμεθα

251 1269 324 1308 καὶ
368 1262 477 1310 ἄλλο
519 1266 801 1326 σαφέστερόν
839 1286 879 1311 τι
920 1267 1047 1325 παρὰ
1085 1266 1140 1311 τὰ
1181 1272 1396 1327 εἰρημένα
1435 1270 1580 1312 εἰπεῖν
1611 1268 1672 1314 εἰς

251 1341 324 1386 τό·
357 1342 475 1400 ,,ἡ3)
506 1341 634 1400 ἰσχύς
661 1361 754 1401 μου
780 1346 982 1394 ἐξέλιπεν
1005 1346 1055 1388 ἐν
1083 1350 1175 1394 τοῖς
1197 1348 1534 1403 καταρωμένοις
1563 1344 1669 1401 με.“

252 1412 425 1477 ,,ἷΗν4)
455 1419 504 1464 τὸ
539 1424 638 1478 φῶς
666 1419 716 1465 τὸ
748 1420 993 1478 ἀληθινὸν,
1035 1417 1058 1464 ὃ
1093 1424 1273 1480 φωτίζει
1302 1420 1453 1464 πάντα
1484 1417 1669 1476 ἅνθρω-

252 1512 343 1540 πον
374 1496 625 1555 ἐρχόμενον
654 1503 716 1549 εἷς
743 1500 824 1544 τὸν
853 1498 1083 1556 κόσμον.“
1148 1501 1242 1541 Καὶ
1274 1496 1321 1548 ὃς
1351 1500 1445 1543 ἔστι
1473 1496 1669 1555 λογικὸς,

250 1580 424 1630 μετέχει,
441 1578 519 1619 τοῦ
538 1575 760 1631 ἀληθινοῦ
778 1574 945 1636 φωτός.
976 1575 1182 1633 Λογικὸς
1197 1576 1252 1620 δέ
1267 1577 1359 1620 ἐστι
1377 1579 1469 1625 πᾶς
1485 1571 1671 1632 ἅνθρω-

251 1671 353 1703 πος.
405 1655 566 1710 Τῶν5)
601 1647 684 1697 οὖν
711 1651 998 1710 μετεχόντων
1018 1650 1158 1711 λόγου
1176 1652 1362 1697 πάντων
1389 1651 1668 1712 ἀνθρώπων,

252 1732 303 1775 ἔν
336 1745 420 1774 τισι.
447 1731 535 1788 μὲν
564 1729 588 1785 ἦ
622 1729 857 1787 ἰσχὺςτοῦ
889 1730 1030 1788 λόγου
1060 1727 1275 1786 ηὔξησεν,
1314 1732 1365 1775 ἔν
1394 1745 1481 1774 τισι
1512 1731 1562 1775 δὲ
1591 1732 1669 1776 ἕκ-

251 1812 409 1854 λείπει.
464 1807 576 1851 Ἐὰν
614 1807 663 1850 δὲ
707 1809 804 1867 ἴδῃς
844 1807 998 1864 ψυχὴν
1037 1809 1240 1865 ἐμπαθῆ,
1274 1811 1350 1852 καὶ
1381 1807 1668 1867 ἁμαρτωλὸν,

255 1883 361 1942 ὄψει
392 1886 486 1928 ἐκεῖ
510 1882 591 1939 τὴν
621 1883 754 1939 ἰσχὺν
782 1887 859 1927 τοῦ
898 1883 1039 1940 λόγου
1070 1886 1414 1930 ἐπιλείπουσαν.
1467 1885 1579 1931 Ἐὰν
1618 1888 1670 1930 δὲ

253 1965 351 2025 ἴδῃς
381 1960 537 2019 ψυχὴν
563 1959 708 2019 οὲγίαν
737 1964 811 2004 καὶ
843 1962 1039 2016 δικαίαν,
1074 1957 1179 2018 ὄψει
1210 1960 1292 2016 τὴν
1321 1961 1455 2018 ῗσχὺν
1484 1966 1562 2008 τοῦ
1587 1963 1668 2008 λό-

250 2048 338 2098 γου
369 2039 590 2096 ὁσημέραι
633 2041 1053 2097 καρποφοροῦσαν·
1092 2041 1169 2081 καὶ
1205 2036 1254 2082 τὸ
1295 2042 1535 2099 εῗρημένον
1563 2045 1669 2099 περὶ

245 2116 391 2174 Ἰησοῦ
433 2114 686 2177 ἐφαρμόσει
723 2122 815 2165 τοῖς
851 2117 1056 2165 δικαίοις.
1136 2114 1201 2159 Οὐ
1237 2115 1327 2174 γὰρ
1371 2117 1471 2160 καθ’
1506 2118 1671 2163 ἑαυτὸν

258 2194 407 2253 μόνον
437 2194 458 2239 ὁ
486 2194 655 2250 Ἰησοῦς
670 2193 714 2250 ⁶)
743 2197 1060 2250 ,,προέκοπτεν
1090 2193 1140 2236 ἓν
1171 2195 1222 2253 τῇ
1253 2199 1419 2252 σοφίᾳ,
1460 2198 1537 2238 καὶ
1565 2195 1667 2251 ἡλι-

250 2279 341 2331 κία,
372 2277 448 2317 καὶ
469 2271 626 2330 χάριτι
657 2270 784 2330 παρὰ
818 2274 912 2328 θεῷ
954 2273 1030 2314 καὶ
1069 2268 1345 2329 ἀνθρώποις.
1413 2276 1556 2330 Λέγει
1586 2266 1669 2318 οὖν

252 2349 274 2394 ὁ
305 2349 454 2408 λόγος,
489 2348 512 2393 ὁ
543 2347 639 2398 υἱὸς
665 2351 747 2393 τοῦ
777 2351 889 2394 θεοῦ
921 2345 1011 2404 ὧν,
1045 2349 1095 2393 ἐν
1124 2350 1185 2406 τῷ
1218 2346 1417 2412 εἰπόντι·
1447 2354 1609 2409 ,,οἴμοι
1625 2351 1666 2408 ⁷)

366 2538 406 2595 ¹)
440 2537 526 2582 Cfr.
555 2535 742 2592 Philipp.
774 2538 830 2586 II,
861 2537 899 2580 7.
1015 2536 1057 2593 ²)
1089 2537 1175 2580 Cfr.
1205 2538 1363 2579 Jerem.
1393 2538 1488 2590 XV,
1518 2538 1581 2581 10.

365 2609 410 2664 3)
442 2608 597 2648 Jerem.
627 2606 721 2657 XV,
753 2606 816 2649 10.
935 2606 977 2663 4)
1009 2607 1085 2648 Ev.
1115 2608 1266 2649 Joann.
1295 2608 1328 2659 I,
1357 2608 1397 2651 9.

367 2680 408 2731 5)
441 2678 494 2718 H.
528 2688 569 2717 et
597 2677 647 2717 R.
678 2675 722 2717 in
761 2688 899 2717 textu:
939 2681 1054 2734 ,,Τῴ
1088 2679 1233 2721 νοῦν(ί
1261 2681 1393 2734 Ψκτλ.,
1434 2679 1487 2720 H.
1526 2690 1662 2720 tamen

250 2737 303 2778 ad
329 2734 571 2788 marginem,
600 2734 649 2774 R.
681 2732 725 2773 in
753 2733 887 2775 notis:
917 2734 1056 2787 „lege:
1094 2738 1197 2778 Τῶν
1227 2735 1343 2778 οὐν“
1372 2738 1466 2779 κτλ.

368 2805 411 2860 6)
443 2804 529 2846 Cfr.
559 2804 658 2846 Luc.
691 2804 747 2854 II,
777 2804 843 2849 52.
965 2806 1008 2859 ⁷)
1042 2804 1128 2847 Cfr.
1157 2805 1314 2850 Jerem.
1342 2805 1437 2855 XV,
1467 2804 1531 2848 10.
