1734 3112
598 83 797 125 ΗοΜηΙΑ
828 83 923 125 VII.
1392 91 1473 137 185

57 195 171 244 οὕτω
213 198 498 255 λεγομένων,
542 193 710 244 εῗδότες
748 192 816 239 ὅτι
854 195 905 239 οὐ
945 199 1078 255 ζημία
1112 202 1205 247 τοῖς
1244 202 1470 261 λέγουσιν,

58 274 170 321 ὅσον
198 280 290 325 τοῖς
313 272 560 318 ἁκούουσίν
584 274 690 327 ἐστι,
723 270 855 331 τὸμὴ
879 275 1223 333 παραδέχεσθαι
1238 276 1292 321 τὰ
1316 278 1472 340 ἀπαγ-

57 350 330 412 γελλόμενα·
365 377 416 384 -
449 349 520 395 διὸ
542 351 580 407 ¹)
619 353 697 393 καὶ
737 356 983 408 κατηγορεῖ
1017 359 1241 409 πτωχείας
1278 360 1357 402 τοῦ
1388 364 1471 404 νοῦ

58 431 195 476 αὐτοῦ
225 432 302 474 καὶ
335 430 413 482 τῆς
443 429 671 479 διανοίας·
703 455 758 463 -
787 431 1180 487 παρακαλέσωμεν
1210 432 1301 478 ἀπὸ
1319 435 1360 491 ²)
1392 439 1472 482 τοῦ

55 511 164 553 θεοῦ
203 509 359 562 λαβεῖν
388 501 601 557 αὔξοντος
630 509 708 551 τοῦ
737 502 880 563 λόγου
912 506 962 551 ἒν
999 505 1112 565 ἡμῖν
1142 506 1364 566 ἁδρότητα
1395 516 1474 558 καὶ

51 583 374 642 μεγαλειότητα
403 585 454 627 ἐν
478 587 662 642 Χριστῷ
688 583 849 640 Ἰησοῦ,
884 587 958 628 ἵνα
993 583 1185 631 ἀκοῦσαι
1216 591 1307 634 τῶν
1335 593 1473 651 ἱερῶν

53 664 129 706 καὶ
158 661 304 720 ἁγίων
334 659 486 720 λόγων
516 663 813 719 δυνηθῶμεν,
857 653 891 719 ᾧ
921 660 946 717 ἡ
979 658 1092 714 δόξα
1123 668 1200 709 καὶ
1231 665 1279 712 τὸ
1308 665 1473 725 κράτος

50 743 110 789 εἲς
138 738 240 789 τοὺς
270 741 437 789 αἰῶνας
464 741 555 783 τῶν
586 737 781 783 αἰώνων.
837 737 995 798 Ἀμήν.

552 996 728 1054 Ὁμιλία
768 995 957 1058 ἑβδόμη.

47 1099 128 1146 Εἰς
156 1093 233 1142 τό·
266 1096 434 1153 ,,καὶ3)
465 1096 589 1141 ἔσται
619 1096 671 1142 ἐν
698 1096 854 1153 ταῒς4)
882 1095 1071 1156 ἡμέραις
1102 1097 1315 1156 ἐκείναις,
1348 1103 1472 1161 λέγει

45 1170 198 1234 κύριος
228 1171 374 1225 ὁθεός
400 1188 498 1229 σου,
533 1173 584 1219 οὐ
603 1171 668 1234 μὴ
691 1169 878 1224 πατάξω
904 1171 1023 1233 ὑμᾶς
1053 1178 1114 1225 εἰς
1137 1180 1422 1224 συντέλειαν·
1438 1180 1471 1206 “

156 1254 290 1311 μέχρι
320 1255 424 1297 τοῦ·
456 1285 485 1308 ,,
500 1247 642 1301 οὕτως
656 1250 698 1308 ⁵)
730 1248 995 1297 δουλεύσετε
1027 1252 1278 1310 ἀλλοτρίοις
1308 1255 1358 1299 ἒν

559 1331 618 1390 γῇ
650 1328 735 1386 οὐχ
764 1326 956 1386 ὖμῶν.“

160 1441 196 1486 1.
239 1440 286 1486 Ὁ
316 1446 484 1503 κρίνων
524 1438 638 1485 κατὰ
666 1442 812 1502 βραχὺ
851 1440 958 1493 θεὸς
992 1441 1096 1493 τοὺς
1125 1447 1470 1504 κολαζομένους,

48 1521 210 1565 δίδωσι
248 1518 393 1565 τόπον
429 1523 694 1576 μετανοίας,
738 1523 814 1565 καὶ
851 1521 935 1579 οὐχ
976 1518 1072 1578 ἅμα
1109 1523 1170 1579 τῷ
1213 1520 1474 1580 ἆμαρτῆσαι

47 1594 279 1656 κολάζων,
320 1602 448 1655 φέρει
485 1595 567 1653 τὴν
608 1601 869 1644 συντέλειαν
904 1602 981 1655 τῆς
1015 1597 1243 1649 κολάσεως
1285 1601 1362 1645 ἐπὶ
1391 1601 1473 1648 τὸν

48 1673 350 1733 ἡμαρτηκότα.
400 1673 490 1718 Δια
522 1678 653 1720 τοῦτο
677 1675 792 1720 κατὰ
815 1675 960 1736 βραχὺ
986 1675 1192 1729 κολάζων
1206 1678 1247 1734 6)
1279 1676 1471 1731 κολάζει,

45 1756 138 1796 Καὶ
174 1750 395 1808 τούτου7)
438 1751 488 1796 τὸ
532 1751 829 1813 παράδειγμά
871 1755 994 1800 ἐστιν
1032 1755 1084 1800 ἐν
1120 1758 1375 1814 Λευιτικῷ·
1420 1758 1473 1804 ἔν

44 1830 136 1892 γὰρ
165 1836 260 1881 ταῖς
289 1835 380 1875 τῶν
407 1828 790 1890 παραβαινόντων
827 1830 908 1877 τὸν
948 1830 1097 1890 νόμον
1135 1832 1266 1891 ἀραῖς
1293 1834 1472 1894 ἀναγέ-

43 1926 242 1967 γραπται
272 1906 388 1966 μετὰ
418 1906 495 1958 τὰς
525 1906 730 1958 κολάσεις
768 1907 844 1959 τὰς
880 1913 1126 1971 προτέρας·
1163 1913 1299 1968 καὶῧ)
1329 1915 1469 1972 ἔσται,

160 2071 200 2128 ¹)
229 2071 284 2114 H.
315 2072 368 2114 ad
397 2087 547 2126 marg„
576 2071 627 2113 R.
659 2070 699 2112 in
731 2070 864 2114 notis:
894 2071 975 2123 „in
1005 2071 1110 2116 Cod.
1141 2073 1277 2117 Vatic.
1310 2075 1470 2120 omitti-

0 2141 2 2144 ’
42 2138 131 2170 tur:
172 2126 306 2173 d't6.“

161 2197 201 2254 ²)
232 2198 284 2242 R.
313 2198 358 2241 in
387 2197 515 2241 notis:
549 2198 693 2249 „C0d.
724 2197 968 2242 Vaticanus:
1007 2196 1100 2245 ἀπὸ
1129 2202 1211 2245 τοῦ
1241 2204 1353 2246 θεοῦ
1383 2205 1470 2246 λα-

43 2256 152 2299 λεῖν.
210 2255 259 2296 In
292 2256 399 2299 Cod.
431 2255 608 2299 Scorial.
651 2255 825 2313 (itemq.
856 2257 900 2298 in
934 2267 1053 2299 textu
1084 2257 1179 2300 edd.
1211 2258 1286 2314 H.)
1327 2259 1470 2303 deest:

44 2312 205 2355 θεοῦ.“
234 2338 288 2344 -
326 2313 380 2354 H.
410 2313 454 2354 in
483 2324 622 2356 textuz
662 2313 796 2369 „c‘cnb
828 2317 907 2358 τοῦ
938 2316 1153 2369 λαβεῖν,“
1183 2314 1227 2356 in
1256 2316 1466 2371 margine:

46 2366 181 2420 „Cod.
213 2368 581 2431 Vaticanuszfinb
615 2375 692 2415 τοῦ
725 2373 837 2416 θεοῦ
868 2372 1074 2426 λαβεῖν.“

160 2439 203 2495 3)
273 2438 323 2480 fr.
352 2438 508 2482 Jerem.
538 2442 590 2491 V,
623 2441 686 2485 18.

161 2508 202 2564 ⁴)
280 2519 366 2550 eest
395 2512 555 2564 ,,ταῖς“
586 2510 630 2553 in
660 2513 726 2556 ed.
756 2511 901 2554 Ruaei.
1025 2513 1068 2566 ⁵)
1096 2512 1252 2556 Jerem.
1284 2514 1334 2566 V,
1369 2514 1432 2560 19.

159 2579 201 2636 ⁵)
232 2580 286 2622 H.
317 2580 370 2621 ad
400 2595 550 2634 πται-3.,
578 2580 630 2622 R.
661 2581 703 2623 ih
732 2581 864 2626 notis:
907 2583 987 2637 „in
1018 2584 1126 2627 Cod.
1156 2583 1292 2628 Vatic.
1321 2586 1461 2628 deest:

47 2634 297 2687 κολάζων.“
1280 2674 1284 2678 .

160 2705 202 2763 ⁷)
231 2707 282 2748 R.
314 2706 358 2748 in
387 2705 520 2748 notis:
552 2706 838 2756 „Cod.Vatic.
860 2711 1025 2770 (itemq.
1045 2712 1140 2755 edd.
1157 2711 1210 2753 H.
1238 2710 1281 2754 in
1301 2712 1462 2770 textu):

44 2764 223 2809 τοῦτο.“
256 2786 306 2794 -
337 2763 391 2805 Η.
423 2763 476 2804 ad
504 2763 756 2816 marginem:
798 2797 822 2818 ‚,
836 2767 992 2810 scribe:
1024 2768 1237 2814 tot'vtovf‘
1277 2775 1280 2776 ⁷

159 2834 202 2891 s)
235 2834 320 2878 Cfr.
350 2834 484 2876 Levit.
515 2833 681 2884 XXVI,
711 2833 779 2879 21.
