1734 3112
705 107 845 147 Lmen
875 106 953 147 III.
1484 107 1537 151 13

120 221 252 274 Igitur
280 221 322 262 in
352 219 472 278 hujus
502 218 604 260 meli
631 220 780 261 umbra
811 217 1073 274 concupiscit
1102 233 1255 273 sponsa
1274 219 1312 274 ¹)
1344 219 1541 271 residere,

120 299 189 340 vel
221 298 471 352 ecclesia²)‚
509 309 556 338 ut
586 296 784 348 diximus,
831 297 873 338 in
903 295 1171 353 protectione
1211 295 1288 335 filii
1316 295 1424 345 Dei,
1472 298 1537 338 vel

122 379 256 419 anima
293 375 500 428 refugiens
541 391 685 416 omnes
731 375 913 431 reliquas
953 372 1184 423 doctrinas,
1231 384 1272 414 et
1312 374 1537 415 adhaerens

121 455 194 498 uni
221 455 301 496 soli
332 455 462 495 verbo
493 454 599 505 Dei,
639 452 754 510 cujus
787 452 912 494 etiam
943 452 1112 494 dulcem
1142 451 1291 492 habeat
1320 451 1419 507 in3)
1449 453 1539 492 fau-

122 533 235 575 cibus
265 533 464 584 fructum,
495 531 738 574 meditando
771 531 932 572 scilicet
962 530 1246 571 indesinenter
1274 531 1412 583 legem
1440 530 1537 580 Dei,

122 623 163 653 et
200 628 367 669 semper
406 629 496 653 eam
545 610 661 651 velut
698 610 904 650 mundum
942 608 1096 650 animal
1133 608 1398 649 ruminando.
1458 608 1540 649 Ve-

118 705 214 731 rum
229 689 271 747 4)
303 690 354 730 de
385 687 671 746 appellatione
699 688 873 729 umbrae
904 687 1036 738 istius,
1066 687 1142 728 sub
1163 703 1244 743 qua
1272 687 1418 728 sedere
1441 702 1541 727 con·

121 767 283 824 cupisse
314 784 356 809 se
388 767 489 808 dicit
520 766 716 818 eeclesia,
746 782 832 808 non
862 777 967 822 puto
1000 765 1241 815 absurdum,
1277 764 1310 805 si
1343 781 1402 815 en,
1435 781 1539 821 quae

119 845 307 888 invenire
335 862 557 903 possumus
586 845 630 887 in
660 844 876 902 scripturis
907 843 1070 894 divinis,
1100 845 1365 900 proferamus
1392 842 1436 884 in
1454 859 1543 884 me-

121 924 257 977 dium,
288 937 355 977 ut,
387 942 492 983 quae
527 926 579 967 sit
607 926 756 966 umbra
786 923 889 966 meli
920 921 1063 980 hujus,
1094 921 1258 975 dignius
1290 933 1330 962 et
1361 920 1541 962 divinius

121 1015 378 1056 agnoscatur.
448 1003 520 1045 Ait
566 1003 800 1045 Hieremias
848 1002 892 1044 in
930 990 1342 1043 Lamentationibus:
1389 998 1542 1056 „spiriu

120 1092 187 1122 tus
205 1081 245 1138 ⁵)
289 1082 429 1124 vultus
466 1081 599 1123 nostri
639 1081 826 1124 Christus
864 1080 1077 1122 Dominus
1117 1078 1443 1134 comprehensus
1483 1089 1543 1118 est

120 1158 164 1199 in
196 1160 534 1217 corruptionibus
563 1160 736 1210 nostris,
770 1159 837 1201 cui
867 1158 1066 1201 diximus:
1107 1157 1151 1198 in
1181 1157 1330 1197 umbra
1361 1155 1448 1213 ejus
1482 1154 1544 1195 vi-

122 1254 266 1280 vemus
294 1238 338 1279 in
367 1239 606 1292 gentibus.“
665 1238 793 1280 Vides
834 1254 956 1292 ergo,
998 1236 1217 1292 quomodo
1251 1234 1413 1291 Spiritu
1454 1250 1543 1274 san-

122 1328 190 1358 cto
221 1329 438 1374 permotus
475 1318 684 1375 propheta
713 1317 842 1358 vitam
883 1317 935 1358 de
974 1315 1123 1356 umbra
1156 1313 1309 1357 Christi
1348 1312 1541 1369 praeberi

244 1516 282 1571 ¹)
312 1515 390 1558 Ed.
421 1515 578 1557 Ruaei:
610 1520 892 1572 ‚,sponsam.“

239 1586 280 1642 2)
312 1585 444 1627 Deest
475 1587 722 1638 ‚‚ecclesia“
753 1587 797 1627 in
831 1586 923 1627 edd.
955 1585 1016 1627 M.

239 1657 282 1712 3)
313 1657 478 1698 Desunt
501 1660 648 1699 verba:
681 1658 761 1709 „in
792 1656 1040 1705 saucibus‚“
1071 1654 1114 1694 in
1146 1654 1239 1695 edd.
1272 1653 1336 1696 M.

239 1724 285 1781 ⁴)
316 1726 553 1784 Procopius
579 1745 626 1769 ex
644 1727 847 1780 Origene:
877 1724 993 1769 ‘Yno
1026 1721 1159 1768 σκιὰν
1189 1724 1238 1767 δὲ
1268 1722 1405 1767 αὐτοῦ
1438 1723 1546 1767 ἒπε-

123 1793 302 1852 θὺμησε
342 1805 552 1855 καθίσαι,
593 1802 670 1843 καὶ
709 1796 967 1843 κεκάθικεν.
1039 1798 1181 1852 Λέγει
1222 1796 1298 1837 καὶ
1333 1793 1546 1853 Ἱερεμίας

125 1867 175 1911 ἓν
225 1866 438 1926 Θρήνοις·
490 1873 716 1926 ,,7τνεῦμα
755 1867 844 1927 πρὸ
888 1866 1140 1927 προσώπου
1178 1864 1313 1922 ἡμῶν
1353 1861 1548 1921 Χριστὸς

124 1935 275 1996 κύριος
305 1937 570 1998 συνελήφθη
603 1941 654 1985 ἐν
682 1945 779 1990 ταῖς
818 1941 1096 1998 διαφθοραῖς
1134 1936 1289 1995 ἡμῶν,
1336 1927 1370 1993 ᾧ
1411 1938 1543 1980 εἴπο-

124 2021 236 2065 μεν·
271 2010 321 2053 ἐν
346 2013 396 2069 τῇ
430 2014 532 2068 σκιᾷ
566 2010 706 2056 αὐτοῦ
737 2008 968 2068 ζησόμεθα
1003 2011 1053 2053 ἓν
1070 2013 1162 2058 τοῖς
1186 2008 1395 2052 ἕθνεσι.“
1440 2008 1548 2055 Πῶς

124 2078 215 2139 γὰρ
235 2079 316 2124 οὐκ
347 2082 502 2138 ἔμελλε
533 2085 640 2136 ζωῆς
669 2080 782 2139 ἡμῖν
814 2085 934 2125 αῗτία
966 2078 990 2136 ἡ
1018 2077 1122 2125 σκιά
1147 2079 1285 2124 αὐτοῦ
1310 2080 1542 2136 γενέσθαι,

127 2156 390 2209 γενομένοις
434 2154 684 2210 ἐλευθέροις
721 2156 797 2209 τῆς
832 2155 912 2197 τοῦ
962 2150 1110 2209 νόμου
1149 2154 1304 2203 σκιᾶς;
1359 2145 1548 2204 ,,Σκιάν

129 2220 216 2278 γὰρ
255 2219 374 2280 εἶχεν
413 2222 435 2268 ὁ
480 2221 620 2280 νόμος
657 2226 748 2268 τῶν
789 2220 1053 2283 μελλόντων
1083 2220 1349 2279 ἀγαθῶν,“
1392 2220 1551 2274 μηκέτι

134 2283 260 2336 οὖσιν
289 2291 378 2338 ὑπὸ
409 2291 569 2351 νόμον,
603 2294 696 2338 ἀλλ’
730 2293 821 2340 ὑπὸ
855 2292 1011 2352 χάριν.
1070 2297 1131 2337 Εἰ
1171 2295 1248 2336 καὶ
1287 2292 1371 2335 νῦν
1412 2289 1549 2345 ἔσμεν

133 2359 225 2405 ὑπὸ
266 2362 397 2408 σκιὰν
433 2368 588 2423 πολλῷ
641 2367 969 2422 διαφέρουσαν.
1040 2362 1172 2408 Illac}
1214 2360 1294 2406 τὸν
1341 2355 1548 2416 παρόντα

132 2430 222 2489 γὰρ
260 2438 386 2489 βίον,
429 2433 572 2480 οὐκέτι
611 2436 675 2480 δι’
715 2433 938 2492 ἐσόπτρου
980 2437 1057 2478 καὶ
1099 2437 1390 2492 αἰνίγματος,
1437 2427 1548 2472 ἄλλα

133 2499 386 2561 πρόσωπον
414 2504 526 2562 πρὸς
564 2504 816 2565 πρόσωπον
858 2503 938 2562 τὴν
978 2504 1199 2560 ἀλήθειαν
1238 2501 1548 2559 θεωρήσωμεν.

135 2576 271 2624 Λέξει
304 2574 353 2618 δὲ
383 2577 459 2618 καὶ
488 2571 513 2628 ἡ
546 2571 727 2633 νύμφη·
773 2575 897 2631 „3025-
928 2567 982 2620 οὗ
1013 2575 1238 2636 διαυγήσῃ
1268 2573 1439 2634 ἡμέρα,
1474 2573 1550 2614 καὶ

135 2646 383 2700 κινηθῶσιν
421 2646 467 2687 αἱ
508 2648 673 2688 σκιαί.“
733 2643 859 2690 ’Ἐστι
898 2645 989 2705 γὰρ
1031 2645 1053 2690 ὁ
1104 2652 1201 2704 βίος
1247 2644 1379 2703 ἡμῶν
1423 2639 1550 2685 σκιά·

135 2717 212 2757 καὶ
252 2715 301 2758 ἐν
340 2716 442 2771 σκιᾷ
484 2713 688 2759 θανάτου
729 2719 772 2760 οἱ
808 2717 854 2767 ἐξ
885 2718 1036 2760 ἐθνῶν
1075 2719 1364 2770 ἐκαθέζοντο,
1405 2715 1480 2756 καὶ
1511 2712 1554 2755 οἱ

135 2782 428 2834 ἀπιστοῦντες
457 2786 518 2828 ἔτι
549 2789 824 2836 καθέζονται.
883 2788 1065 2829 Ruaeus.

250 2854 292 2911 ⁵)
324 2855 477 2897 Tmen.
508 2857 581 2909 lv,
611 2854 677 2899 20.
