1763 3112
631 77 834 118 Hostum
863 76 957 116 XX.
1417 78 1500 123 397

94 193 239 249 paleae
279 206 371 232 cum
412 190 623 229 frumento
662 197 777 236 sunt,
826 196 866 225 et
904 185 1037 241 pisces
1076 187 1279 242 perdendi
1319 205 1364 230 ac
1402 206 1502 245 pro-

95 268 290 327 jiciendi,
322 282 415 307 cum
444 264 566 305 bonis
597 263 801 320 piscibus,
850 262 921 318 qui
968 263 1011 303 in
1051 264 1154 304 retia
1192 264 1502 322 inciderunt,¹)

95 344 372 386 continentur.
449 342 588 396 Quam
626 356 721 382 cum
760 339 969 395 aperuerit
1007 339 1153 396 judicii
1197 352 1412 397 tempore,
1461 352 1501 381 et

93 421 319 477 protulerit
349 419 496 460 exinde
528 433 619 458 vasa
651 417 735 458 irae
765 428 883 467 suae,
915 417 1026 457 dicet
1054 418 1230 458 forsitan
1259 417 1306 467 is,
1339 417 1411 472 qui
1442 430 1502 459 est

93 513 162 538 vas
190 495 514 546 misericordiae,
545 496 596 536 de
629 493 934 547 egredientibus
966 494 1068 534 vasis
1098 494 1183 535 irae
1212 510 1331 536 suae:
1365 493 1502 543 „exie-

91 574 242 629 runt²)
275 590 322 614 ex
350 573 486 623 nobis,
515 588 599 612 non
630 571 741 612 enim
772 582 886 612 erant
916 587 963 611 ex
993 571 1127 613 nobis.
1183 572 1230 614 Si
1260 571 1372 612 enim
1401 569 1505 611 fuis-

92 663 183 691 sent
215 666 261 690 ex
290 650 424 700 nobis,
455 648 778 705 permansissent
806 647 952 704 utique
983 648 1217 690 nobiscum.
1277 648 1362 690 Sed
1403 646 1501 688 ideo

94 727 244 780 egressi
272 738 367 767 sunt
387 743 410 767 a
435 726 569 776 nobis,
599 738 645 766 ut
669 725 971 776 ostenderetur,
990 725 1085 781 quia
1102 741 1188 766 non
1214 736 1330 765 erant
1360 740 1504 764 omnes

95 819 141 844 ex
170 803 334 844 nobis.“
392 804 441 844 In
481 803 596 844 aliud
635 803 834 859 quiddam
874 801 990 857 cupit
1027 818 1165 842 sermo
1206 817 1505 857 prorumpere:

94 882 210 937 quod
239 892 378 921 autem
406 882 605 921 audemus
637 880 797 930 dicere,
828 877 1068 918 istiusmodi
1098 889 1173 920 est.
1234 878 1283 917 In
1311 878 1506 919 thesauro

91 958 176 999 Dei
206 974 300 999 vasa
328 958 412 999 irae
442 969 557 1009 sunt3
594 968 708 997 extra
751 956 992 996 thesaurum
1031 970 1126 996 vasa
1162 954 1381 1009 peccantia
1419 971 1507 995 non

93 1047 188 1076 sunt
218 1052 311 1076 vasa
337 1034 443 1085 irae,
484 1034 558 1074 sed
599 1031 701 1074 vasis
743 1031 829 1072 irae
866 1031 1031 1072 minora
1067 1043 1173 1074 sunt.
1245 1031 1367 1073 Servi
1396 1031 1506 1071 enim

93 1123 188 1152 sunt
216 1111 451 1163 ignorantes
480 1111 741 1150 voluntatem
769 1108 947 1149 Domini
976 1108 1063 1159 sui,
1105 1120 1146 1149 et
1183 1124 1271 1149 non
1308 1108 1508 1150 facientes

96 1188 353 1229 voluntatem
393 1186 493 1243 ejus.
573 1186 660 1241 Qui
698 1197 838 1227 autem
875 1184 1108 1237 ingreditur
1148 1184 1392 1235 ecclesiam,
1438 1197 1509 1225 aut

94 1281 162 1307 vas
192 1265 277 1306 irae
309 1264 437 1318 est,³)
468 1275 538 1304 aut
567 1279 636 1303 vas
664 1262 992 1303 misericordiae.
1038 1261 1126 1315 Qui
1148 1273 1261 1302 extra
1290 1261 1508 1303 ecclesiam

96 1354 169 1392 est,
199 1357 336 1397 neque
367 1357 436 1381 vas
465 1339 779 1381 misericordiae
810 1350 884 1389 est,
913 1355 1049 1395 neque
1080 1339 1179 1381 irae.
1222 1339 1353 1379 Aliud
1375 1340 1510 1395 quod-

98 1421 194 1460 dam
223 1434 380 1459 nomen
409 1417 599 1473 inquiro,
631 1417 703 1473 qui
735 1428 847 1457 extra
878 1416 1099 1457 ecclesiam
1129 1427 1435 1457 commoratur:
1469 1427 1510 1456 et

97 1497 314 1552 quomodo
346 1496 526 1536 decerno
559 1493 786 1545 confidens,
814 1509 901 1533 non
932 1509 1019 1534 esse
1051 1509 1147 1533 eum
1179 1509 1248 1534 vas
1273 1493 1506 1534 misericor-

99 1573 204 1624 diae,
235 1572 294 1613 sic
314 1588 335 1612 e
362 1571 570 1612 contrario
595 1587 643 1612 ex
672 1570 847 1612 rationis
871 1570 1044 1611 veritate
1068 1570 1351 1611 communitus
1369 1582 1512 1627 aperte

96 1666 249 1706 promo
281 1648 549 1698 sententiam,
590 1663 727 1704 neque
767 1663 837 1688 vas
873 1647 958 1688 irae
997 1663 1120 1703 posse
1163 1663 1259 1688 eum
1290 1648 1393 1699 dici,
1439 1648 1513 1689 sed

97 1743 166 1768 vas
195 1727 240 1767 in
268 1726 385 1767 aliud
423 1724 622 1781 quiddam
639 1723 681 1781 ⁴)
720 1736 991 1767 reservatum.
1057 1723 1226 1776 Ergone
1264 1735 1419 1780 potero
1460 1726 1512 1765 de

98 1803 326 1859 Scripturis
348 1802 596 1858 approbare,
625 1817 703 1842 nec
736 1801 1049 1842 misericordiae
1083 1817 1179 1841 eum
1204 1817 1291 1842 esse
1321 1818 1405 1853 vas,
1433 1818 1512 1842 nec

98 1880 200 1921 irae:
234 1891 282 1921 ut
312 1891 353 1920 et
382 1879 562 1920 secunda
591 1878 797 1934 expositio
828 1878 990 1934 aliquid
1027 1877 1150 1919 nohis
1187 1877 1293 1919 utile
1321 1878 1364 1919 in
1393 1895 1514 1936 prae-

98 1957 205 1998 senti
235 1957 334 1997 loco
366 1956 628 2011 interponat,
671 1967 712 1996 et
742 1971 838 1996 sane
869 1972 1011 1996 rursus
1041 1956 1192 1996 audeat
1220 1955 1264 1996 in
1292 1955 1358 2007 id,
1397 1957 1513 2012 quod

97 2034 181 2092 jam
210 2034 369 2074 dudum
400 2044 575 2074 conatur
603 2048 742 2073 sermo
780 2031 1087 2089 prorumpere?
1147 2032 1218 2073 Ait
1257 2034 1512 2089 Apostolus:

99 2111 169 2162 „in
186 2111 228 2167 ⁵)
268 2112 397 2152 domo
435 2122 576 2152 autem
611 2126 761 2163 magna
798 2125 884 2150 non
923 2121 1018 2151 sunt
1058 2120 1222 2151 tantum
1259 2125 1354 2151 vasa
1390 2125 1515 2150 aurea

101 2198 142 2227 et
172 2199 377 2240 argentea,
407 2188 480 2228 sed
511 2198 552 2228 et
581 2187 737 2241 lignea,
769 2199 810 2228 et
838 2186 1005 2228 fictilia:
1049 2186 1129 2227 alia
1160 2186 1333 2242 quidem
1362 2185 1407 2226 in
1437 2186 1513 2226 ho-

100 2280 263 2315 norem,
293 2263 374 2305 alia
403 2280 533 2320 porro
564 2263 607 2305 in
638 2264 948 2305 contumeliam.
1018 2264 1064 2305 Si
1100 2262 1228 2316 igitur
1266 2261 1357 2318 quis
1395 2278 1515 2303 mun-

102 2340 262 2382 daverit
291 2357 334 2381 se
349 2340 392 2397 6)
421 2341 561 2396 ipsum
590 2342 642 2382 ab
672 2341 757 2390 his,
798 2341 876 2382 erit
907 2357 975 2381 vas
1005 2340 1048 2381 in
1078 2341 1307 2390 honorem,
1347 2350 1388 2379 et
1425 2355 1516 2380 san-

103 2418 350 2468 ctificatum,
388 2417 492 2458 utile
522 2417 734 2469 Domino,
776 2419 828 2459 ad
860 2435 984 2459 omne
1014 2419 1175 2458 bonum
1207 2433 1312 2473 opus
1342 2432 1516 2473 praepa-

225 2600 262 2655 ¹)
292 2598 403 2640 Edd.
434 2599 494 2640 Μ.
527 2599 826 2649 „inciderant.“
946 2602 987 2654 ²)
1021 2601 1106 2643 Cfr.
1141 2599 1331 2640 lJoann.
1364 2599 1420 2646 ll,
1454 2597 1517 2641 19.

222 2670 263 2723 3)
293 2669 568 2710 Desideratur
599 2676 714 2719 ,‚est“
747 2671 790 2710 in
821 2672 885 2713 ed.
917 2672 967 2712 R.

223 2736 265 2792 ⁴)
294 2739 402 2782 Edd.
434 2740 494 2781 M.
525 2740 809 2795 ‚,quoddam.“
928 2742 969 2795 ⁵)
1001 2741 1038 2783 ll
1073 2741 1182 2782 Tim.
1217 2740 1271 2789 ΙΙ,
1300 2738 1366 2784 20.
1398 2737 1464 2779 21.

221 2808 263 2861 ὁ)
296 2808 402 2851 Ε(1(1.
434 2810 493 2852 M.
527 2822 686 2862 „semet
717 2810 896 2866 ipsum.“
