1734 3112
229 105 256 145 2
523 102 744 144 Ontssssms
774 115 819 142 IN
851 101 1033 143 CAN-mc.
1067 100 1369 142 CANTIconum

237 215 346 256 ‹iosa
380 215 452 265 sit,
493 215 563 255 sed
598 226 635 255 et
668 214 699 255 si
733 214 944 268 contingat
975 214 1012 255 ei
1044 215 1255 255 absentem
1288 228 1399 263 esse,
1445 211 1568 252 etiam
1599 212 1657 252 sic

238 292 425 349 speciosa
456 293 520 333 sit.
582 293 676 333 Hoc
710 293 821 333 enim
853 293 1060 333 indicatur
1089 292 1131 332 in
1164 309 1229 342 eo,
1264 291 1378 347 quod
1411 307 1504 330 cum
1537 289 1658 330 dixis-

238 383 319 412 set:
354 388 478 422 „ecce
503 371 556 428 ¹),
588 388 629 411 es
660 371 850 427 speciosa
879 370 1070 426 proxima
1102 375 1255 410 mca:“
1287 368 1403 410 addit
1436 379 1531 424 post
1558 367 1659 408 haec

237 450 450 500 absolute,
483 461 523 489 et
553 448 639 489 sine
670 449 758 490 ulla
788 448 1077 507 adjunctione:
1111 448 1325 503 „cccc²),
1357 463 1398 488 cs
1428 445 1658 502 speciosa.“

239 529 323 569 Sed
368 527 408 568 in
449 526 737 583 superioribus
776 543 861 567 non
905 527 1145 567 laudaverat
1183 526 1317 566 visum
1362 524 1472 581 ejus,
1519 523 1660 573 credo,

239 606 334 663 quia
365 606 553 647 nondum
586 606 634 646 ad
668 604 867 646 intuitum
898 606 1137 660 profecerat
1166 601 1394 659 spiritualis
1426 601 1663 654 intelligen-

237 684 332 726 tiae.
391 685 513 725 Nunc
553 699 650 736 ergo
691 682 768 723 ait:
809 683 1014 739 „oculi³)
1055 682 1117 722 tui
1151 681 1423 722 columbae.“
1483 678 1662 721 Grandis

237 763 280 803 in
321 762 402 803 hoc
440 762 657 818 profectus
690 760 777 818 ejus
809 760 1066 811 ostenditur,
1105 771 1173 811 ut,
1219 775 1324 816 quae
1354 759 1470 815 prius
1501 768 1662 798 tantum

238 841 427 898 speciosa
465 839 507 881 in
545 837 794 880 mulieribus
834 837 944 879 dicta
986 850 1066 889 est,
1108 854 1218 879 nunc
1259 848 1307 878 ut
1345 835 1538 894 proxima
1569 851 1665 892 spc-

241 920 353 962 ciosa
384 918 567 969 dicatur,
607 934 653 958 ex
685 916 778 974 ipso
808 915 897 957 sine
929 916 1060 957 dubio
1101 933 1256 973 sponso
1288 915 1561 973 splendorem
1593 914 1665 954 de*-

240 997 348 1040 coris
390 996 622 1053 accipiens,
662 1006 710 1036 ut
750 993 882 1036 semel
928 995 979 1035 ab
1029 994 1123 1050 ipso
1163 1006 1299 1036 sumta
1334 992 1665 1051 pulchritudine,

241 1075 404 1117 etiamsi
434 1074 594 1116 accidat
626 1073 664 1115 ei
691 1073 915 1130 paululum
943 1071 1088 1129 sponsi
1119 1072 1347 1114 absentiam
1377 1071 1479 1128 pati,
1508 1070 1666 1112 nihilo-

241 1156 378 1196 minus
407 1153 584 1210 pulchra
615 1163 870 1209 permaneat.
933 1150 1064 1205 Quod
1095 1162 1233 1192 autem
1272 1150 1387 1192 oculi
1426 1149 1512 1207 ejus
1552 1164 1666 1189 com-

242 1244 442 1290 parantur
473 1230 723 1281 columbis,
753 1231 808 1270 ob
839 1229 920 1270 hoc
959 1229 1154 1285 profecto
1196 1227 1421 1281 contingit,
1467 1226 1563 1283 quia
1604 1225 1667 1267 di-

241 1310 356 1351 vinas
386 1309 611 1365 scripturas
641 1324 728 1349 non
757 1307 841 1366 jam
873 1308 1104 1348 secundum
1134 1307 1314 1357 literam,
1344 1306 1418 1346 sed
1437 1305 1667 1347 secundum

241 1387 435 1445 spiritum
466 1385 693 1439 intelligat,
736 1396 777 1426 et
806 1384 1010 1440 adspiciat
1038 1384 1083 1425 in
1122 1384 1171 1425 iis
1201 1383 1434 1441 spiritualia
1463 1382 1670 1442 mysteria.

244 1466 455 1508 Columba
494 1464 608 1505 enim
656 1461 862 1504 indicium
913 1473 974 1503 est
1011 1460 1194 1517 Spiritus
1234 1462 1380 1504 sancti.
1450 1460 1670 1518 Spirituali

244 1562 341 1599 ergo
373 1560 497 1585 sensu
527 1541 765 1594 intelligere
797 1540 935 1593 legem
967 1551 1008 1581 et
1035 1539 1287 1596 prophetas,
1317 1538 1399 1580 hoc
1431 1549 1493 1580 est
1523 1537 1672 1579 oculos
1717 1572 1719 1577 .

243 1622 466 1665 columbae
503 1620 671 1660 habere.
738 1618 794 1659 Et
831 1617 900 1658 hic
940 1617 1113 1673 quidem
1153 1617 1376 1658 columbae
1428 1616 1543 1658 oculi
1583 1614 1671 1673 ejus

243 1699 533 1757 appellantur,
577 1696 621 1737 in
650 1695 821 1752 psalmis
837 1696 880 1750 ⁴)
912 1711 1014 1736 vero
1055 1693 1300 1753 hujusmodi
1338 1693 1475 1735 anima
1514 1709 1672 1749 pennas

245 1777 325 1820 sibi
365 1775 455 1818 dari
485 1774 709 1816 columbae
747 1771 977 1822 desiderat,
1017 1784 1065 1813 ut
1094 1772 1237 1814 volare
1268 1771 1402 1828 possit
1431 1771 1474 1812 in
1506 1770 1674 1812 intelle-

245 1868 361 1898 ctum
398 1851 682 1910 spiritualium
719 1849 1043 1908 mysteriorum,
1094 1861 1135 1891 et
1174 1849 1438 1906 requiescere
1477 1848 1521 1890 in
1559 1846 1673 1889 atriis

244 1931 484 1991 sapientiae.
545 1925 633 1973 Sed
663 1939 704 1969 et
733 1926 767 1970 si
799 1926 985 1968 dormire
1015 1926 1109 1983 quis
1138 1927 1287 1983 possit,
1322 1927 1405 1969 hoc
1434 1937 1508 1977 est,
1539 1924 1674 1966 collo-

248 2012 332 2054 cari
363 2022 405 2052 et
432 2007 696 2065 requiescere
727 2006 771 2046 in
799 2004 944 2046 medio
976 2004 1238 2062 sortiumss),
1279 2016 1405 2062 atque
1435 2003 1673 2056 intelligere

247 2089 424 2132 sortium
455 2085 677 2134 rationem,
707 2095 749 2124 et
778 2099 1032 2136 cognoscere
1064 2083 1197 2124 divini
1226 2082 1373 2141 judicii
1404 2097 1557 2132 causas,
1586 2095 1674 2120 non

247 2168 385 2210 solum
416 2180 578 2223 pennae
610 2161 847 2211 columbae,
879 2161 1029 2217 quibus
1059 2161 1103 2203 in
1132 2160 1422 2218 spiritualibus
1450 2156 1676 2200 intellecti-

246 2247 325 2287 bus
354 2244 492 2294 volet,
526 2239 836 2298 promittuntur
865 2239 925 2290 ei,
965 2239 1041 2280 sed
1072 2239 1362 2292 deargentatae
1401 2252 1588 2294 pennae,
1632 2233 1678 2275 id

249 2335 324 2374 est,
354 2320 472 2363 verbi
505 2332 546 2361 et
574 2317 750 2361 rationis
781 2328 1031 2358 ornamento
1062 2317 1298 2358 decoratae.
1344 2313 1552 2370 Scapulae
1571 2327 1677 2369 quo-

249 2416 331 2457 que
359 2399 446 2457 ejus
476 2398 519 2439 in
549 2394 690 2453 specie
721 2394 811 2437 auri
839 2394 934 2437 fieri
963 2394 1176 2447 dicuntur,
1210 2393 1286 2436 ubi
1316 2391 1546 2435 constantia
1575 2386 1675 2430 fidei

367 2582 409 2639 ¹)
441 2579 599 2624 Cantic.
629 2580 664 2630 I,
697 2579 762 2622 15.
881 2580 924 2635 2)
958 2578 1116 2622 (Ξεωῑίσ,
1148 2580 1184 2631 I,
1215 2577 1281 2623 15.

365 2653 412 2705 ³)
441 2651 601 2696 Cantic.
631 2650 665 2700 I,
697 2649 763 2693 15.
797 2674 848 2682 —
881 2649 968 2692 Csr.
998 2666 1090 2706 pag.
1125 2649 1166 2693 1.
1195 2659 1285 2691 not.
1300 2645 1341 2691 2.

365 2723 407 2780 4)
441 2723 527 2765 cfr.
557 2721 712 2762 Psalm.
741 2719 938 2770 LXVIII,
970 2719 1036 2764 13.

367 2795 409 2849 ⁵)
440 2792 552 2837 Edd.
581 2791 642 2832 M.
680 2789 911 2841 ‚‚fortium,
950 2802 1076 2846 atque
1109 2788 1346 2840 intelligere
1386 2783 1562 2825 sortium
1592 2781 1676 2822 vir-

251 2882 382 2920 tutes,
413 2881 454 2911 et
485 2873 773 2921 cognoscere“
805 2879 882 2909 ete.
917 2890 966 2898 ——
1002 2868 1091 2911 Cfr.
1124 2865 1278 2909 Psalm.
1309 2861 1507 2910 LXVIII,
1539 2858 1602 2903 13.
