1734 3112
640 90 842 132 HommA
870 89 946 131 XI.
1416 88 1499 133 223

76 206 338 268 προφήτας,
400 204 534 260 καὶΙ)
593 204 857 248 δεδιωκέναι
914 200 1018 250 τούς
1075 202 1303 258 δικαίους,
1361 205 1439 247 τοῦ
1457 204 1499 260 ²)

76 287 341 331 ἀποκτεῖναι
368 280 449 326 τὸν
482 279 684 341 Χριστὸν
722 283 803 324 τοῦ
834 282 971 335 θεοῦ,
1012 277 1112 323 τότε
1149 282 1389 336 γεγένηται
1425 279 1498 324 τό·

76 361 355 423 ,,ἀφίεται3)
385 358 500 418 ὑμῖν
531 356 553 404 ὁ
588 354 710 407 οἶκος
740 355 922 415 ὑμῶν.“
981 359 1075 400 Καὶ
1105 354 1160 399 δι’
1195 354 1334 400 αὐτὸν
1363 359 1498 401 ταῦτα

75 438 362 494 πεπόνθασι,
396 439 474 482 καὶ
503 436 791 495 ,,ιέφανισμῴ
807 435 851 491 4)
880 433 1120 493 ἠφανίσθη
1148 434 1276 477 πᾶσα
1306 431 1330 487 ἦ
1362 435 1472 492 γῆ.“

185 517 225 562 2.
284 519 345 559 Εἴ
391 515 441 560 δὲ
500 516 577 557 καὶ
626 509 909 570 ὑψηλότερον
952 510 1149 555 ἀκοῦσαι
1193 509 1347 567 βούλει
1391 514 1498 556 τοῦ·

73 593 172 652 „dc
192 594 234 651 5)
267 593 348 651 ἐμὲ
379 591 618 650 ἠφανίσθη
650 589 901 649 ἀφανισμῷ
935 591 1063 633 πᾶσα
1093 586 1118 643 ἡ
1150 590 1283 646 γῆ·“
1323 590 1392 634 ἴδε
1420 587 1502 643 τὴν

75 672 128 717 ἐν
157 673 230 715 σοὶ
251 672 355 729 γῆν,
391 674 491 714 τίνα
522 666 695 728 τρόπον
725 667 965 725 ἠφανίσθη
996 663 1212 716 ἐλθόντος
1239 668 1319 711 τοῦ
1337 665 1500 723 Ἰησοῦ.

0 798 2 807 ¹
69 749 335 807 Ἠφανίσθη
375 744 467 805 γὰρ
498 749 822 806 νεκρωθέντων
851 746 942 789 τῶν
978 746 1134 802 μελῶν
1161 746 1252 788 τῶν
1290 744 1367 790 ἐπὶ
1402 746 1501 802 γῆς,

72 827 150 870 καὶ
192 823 340 870 οὐκέτι
380 823 405 879 ἦ
439 825 497 881 γῆ
537 821 767 881 ἐργάζεται
806 820 861 867 τὰ
900 821 1084 878 ἑαυτῆς·
1145 820 1292 866 οὐκέτι
1329 826 1504 879 γίνεται

74 900 199 965 παρὰ
229 905 291 961 τῷ
323 902 486 960 δικαίῳ
513 901 567 947 τὰ
594 903 707 960 ἔργα
730 903 807 956 τῆς
831 896 1011 961 σαρκὸς,
1045 893 1110 949 οἷς
1132 899 1298 944 ἔθαλεν
1318 897 1346 956 ἡ
1367 897 1503 958 σάρξ·

76 980 222 1026 οὐκέτι
251 984 467 1039 πορνεία,
513 979 661 1026 οὐκέτι
692 979 979 1035 ἀκαθαρσία,
1023 975 1105 1022 οὐκ
1144 975 1378 1035 ἀσέλγεια,
1422 977 1505 1022 οὐκ

77 1059 419 1117 εἰδωλολατρία,
472 1058 524 1104 οὐ
571 1061 863 1117 φαρμακεία,
911 1059 988 1100 καὶ
1026 1054 1081 1098 τὰ
1124 1052 1279 1099 λοιπά.
1349 1057 1441 1098 Καὶ
1480 1054 1503 1100 ὁ

77 1133 225 1192 σωτὴρ
259 1135 310 1179 δὲ
338 1137 483 1192 λε’γει·
516 1133 623 1193 ,,μὴ
642 1136 685 1193 6)
717 1139 946 1193 νομίζητε,
981 1131 1048 1178 ὅτι
1077 1124 1224 1189 ἦλθον
1251 1135 1409 1189 βαλεῖν
1439 1135 1506 1178 εἲ-

79 1212 242 1270 ρήνην,
287 1212 405 1257 ἀλλὰ
434 1211 722 1272 μάχαιραν.“
777 1211 976 1268 Ἀληθῶς
1002 1209 1093 1269 γὰρ
1121 1214 1233 1269 πρὶν
1260 1212 1349 1269 μὲν
1379 1212 1503 1272 ἔλθῃ,

80 1289 288 1350 μάχαιρα
332 1290 414 1336 οὐκ
451 1284 509 1347 ἦν
548 1292 626 1336 ἐπὶ
663 1294 742 1345 τῆς
777 1293 881 1348 γῆς,
923 1288 1029 1334 οὐδὲ
1066 1285 1093 1344 ἡ
1133 1287 1246 1349 σὰρξ
1285 1286 1508 1346 ἐπεθύμει

79 1368 192 1414 κατὰ
223 1371 302 1414 τοῦ
331 1367 607 1426 πνεύματος,
642 1367 748 1412 οὐδὲ
778 1366 828 1412 τὸ
857 1369 1039 1423 πνεῦμα
1071 1367 1184 1409 κατὰ
1212 1369 1291 1421 τῆς
1315 1364 1506 1425 σαρκός·

83 1445 155 1492 ὅτε
187 1448 238 1491 δὲ
266 1438 401 1502 ἦλθε,
444 1448 521 1489 καὶ
560 1443 881 1503 δεδιδάγμεθα
910 1449 1012 1488 τίνα
1049 1447 1137 1500 μέν
1166 1444 1259 1488 ἐστι
1287 1447 1364 1498 τῆς
1393 1459 1509 1504 σαρ-

81 1523 183 1580 κὸς,
215 1528 317 1568 τίνα
349 1524 399 1568 δὲ
430 1526 509 1568 τοῦ
539 1521 823 1581 πνεύματος,
869 1521 896 1578 ἡ
929 1523 1202 1567 διδασκαλία
1231 1519 1383 1581 ὥσπερ
1412 1519 1510 1582 μά-

76 1618 218 1661 χαιρα
247 1603 527 1659 γεγενημένη
568 1602 619 1646 ἐν
649 1604 705 1662 γῇ
738 1603 874 1647 διεῖλε
905 1599 987 1657 τὴν
1018 1599 1164 1659 σάρκα
1203 1604 1282 1644 καὶ
1311 1600 1394 1655 τὴν
1421 1601 1511 1658 γῆν

82 1679 175 1724 ἀπὸ
206 1681 286 1724 τοῦ
316 1675 597 1736 πνεύματος·
644 1682 720 1723 καὶ
752 1678 1049 1736 ἠφανίσθηΊ)
1078 1679 1167 1737 μὲν
1195 1676 1222 1733 ἡ
1252 1680 1336 1736 γῆ,
1379 1676 1451 1722 ὅτε
1465 1678 1510 1735 8)

82 1755 168 1812 τῆν
208 1759 428 1814 νέκρωσιν
462 1756 606 1812 Ἰησοῦ
648 1757 698 1802 ἓν
741 1759 803 1814 τῷ
844 1754 1020 1814 σώματι
1060 1759 1391 1815 περιφέρομεν,
1435 1758 1511 1799 καὶ

86 1833 232 1879 οὐκέτι
263 1837 408 1892 ζῶμεν
438 1831 549 1879 κατὰ
590 1832 761 1891 σάρκα,
804 1831 917 1877 ἀλλὰ
947 1832 1097 1878 πάντα
1128 1837 1190 1884 εἰς
1227 1831 1278 1878 τὸ
1307 1835 1508 1892 πνεῦμα,

83 1914 162 1957 ἵνα
188 1909 255 1972 μὴ
283 1916 543 1971 θερίσωμεν
556 1911 599 1968 ⁹)
640 1908 829 1971 φθορὰν
858 1911 908 1957 ἐκ
937 1913 1013 1968 τῆς
1052 1909 1240 1972 σαρκὸς,
1280 1910 1374 1956 ἀλλ’
1418 1910 1511 1957 ἀπὸ

86 1992 167 2034 τοῦ
197 1987 457 2047 πνεύματος
486 1987 603 2046 ζωὴν
632 1986 836 2034 αἰώνιον.

209 2188 250 2244 ¹)
281 2186 368 2230 Cfr.
397 2201 488 2244 pag.
520 2184 615 2230 221.
645 2196 734 2228 not.
763 2185 804 2231 3.

206 2258 251 2314 ²)
279 2258 332 2302 R.
362 2257 405 2299 in
433 2255 565 2298 notis:
598 2256 744 2311 „legoz
777 2254 828 2302 τὸ
861 2256 1177 2302 ἀποκτεῖναι.“

207 2326 252 2383 ³)
281 2326 429 2368 matth.
459 2326 634 2379 XXIII,
664 2327 731 2375 38.
851 2327 894 2384 4)
923 2327 1079 2369 Jerem.
1110 2326 1219 2379 XII,
1249 2325 1317 2371 11.

209 2397 253 2453 ⁵)
280 2398 435 2441 Jerem.
465 2396 574 2449 XII,
605 2398 673 2443 11.

209 2466 253 2522 ⁶)
287 2466 373 2509 Cfr.
402 2467 554 2508 Matth.
582 2468 646 2521 X,
676 2469 743 2515 34.
776 2492 827 2500 ·-
857 2468 910 2511 Η.
942 2469 995 2511 ad
1023 2468 1275 2522 marginem:
1315 2500 1341 2520 ,,
1358 2468 1514 2512 scribe:

93 2528 141 2568 τί
177 2524 426 2584 νομίζητεζί
457 2527 575 2580 κτλ.,
613 2527 665 2569 R.
707 2526 752 2569 in
788 2525 921 2568 notis:
969 2526 1174 2580 „legebat
1211 2526 1515 2585 Hieronymus:

96 2586 143 2626 τί
167 2582 416 2638 νομίζητείί
448 2582 541 2623 κτλ.

214 2653 256 2708 7)
287 2650 374 2693 Cfr.
404 2651 559 2692 Jerem.
588 2650 697 2703 XII,
729 2651 795 2696 11.

211 2720 255 2778 8)
285 2721 339 2763 H.
359 2721 410 2762 ad
435 2720 686 2773 marginem:
716 2721 904 2771 „scribet
938 2720 1055 2778 ὅτι,“
1084 2724 1135 2765 R.
1157 2721 1200 2764 in
1226 2722 1358 2765 notis:
1389 2721 1519 2775 „Hie-

99 2793 257 2838 ronym.
290 2778 472 2830 legebat:
517 2777 641 2821 ὅτι.“
674 2802 726 2810 -—
758 2777 844 2820 Cfr.
874 2780 918 2821 11
937 2779 1036 2823 Cor.
1067 2780 1140 2831 IV,
1173 2779 1237 2825 10.

215 2847 258 2905 ⁹)
292 2847 378 2890 Cfr.
411 2848 504 2890 Gal.
534 2848 619 2900 VI,
647 2846 686 2892 8.
