1734 3112
392 111 460 155 Ex
488 109 620 154 Onm.
649 122 698 152 m
729 109 865 152 Cam·-
898 108 1212 154 CANnconmw.
1431 111 1515 157 107

721 222 750 246 “
817 217 903 265 Διὸ
943 223 1020 264 καὶ
1061 220 1252 281 κραταιά
1283 222 1393 268 κατὰ
1424 223 1518 269 θά-

105 226 264 281 στέγει,
296 220 447 268 πάντα
478 221 714 281 ὑπομένει.

105 316 243 347 νατον
289 299 368 345 τὸν
408 302 655 356 νεκροῦντα
704 296 786 353 τὴν
831 296 1073 357 ἁμαρτίαν.
1137 295 1317 356 ’Ήγουν
1360 300 1517 357 ἐπειδὴ

104 377 290 422 πάντων
328 375 633 435 ἑκράτησενῑ)
675 374 698 419 ὁ
737 372 957 431 θάνατος,
1002 374 1080 420 διὰ
1117 374 1168 422 τὸ
1209 377 1259 421 ἒν
1287 379 1349 433 τῷ
1375 376 1521 435 Ἀδὰμ

107 453 281 504 πάντας
310 452 639 511 ἀποθνήσκειν,
671 456 748 498 καὶ
780 451 802 498 ὁ
836 451 948 510 ᾅδης
979 452 1162 510 ὁμοίως,
1193 451 1393 510 τοιαύτη,
1426 471 1522 513 φη-

106 529 250 588 σὶν,ἡ
295 528 478 589 ἀγάπη,
519 534 595 576 καὶ
635 530 657 577 ὀ
697 533 845 587 ζῆλος,
900 527 954 575 ὃν
998 533 1071 577 δεῖ
1111 534 1271 587 ζηλοῦν
1309 533 1371 589 τῷ
1410 535 1521 589 θεῷ,

105 606 293 669 σκληρὸς
322 609 434 653 κατὰ
464 612 556 653 τῶν
596 606 954 666 ἁμαρτανόντων
996 607 1246 667 ὑπάρχων,
1290 607 1349 658 ὠς
1389 607 1411 652 ὁ
1442 612 1522 654 τοῦ

101 686 255 730 Ἠλίου
285 688 361 730 καὶ
391 689 471 731 τοῦ
506 689 677 736 Φινεές.
728 683 796 729 Ἢ
820 689 952 731 τοῦτο
984 689 1104 745 λέγει
1135 685 1158 732 ὁ
1191 690 1390 746 νυμφίος
1410 685 1525 747 πρὸς

105 761 267 819 αὐτήν·
298 765 472 821 ,,θε’ς2)
501 780 559 821 με
591 762 650 813 ὠς
681 765 984 823 σφραγῖδα·“
1024 762 1138 822 πρὸς
1174 763 1223 809 τὸ
1256 768 1527 823 σφραγίζειν

103 840 181 891 τὰς
210 839 481 899 ἐνθυμήσεις
511 856 594 885 σου
624 843 700 885 καὶ
732 840 811 890 τὰς
838 839 1034 897 πράξεις.
1096 844 1223 898 ,,Καὶ
1239 841 1285 899 ³)
1317 841 1398 891 ἕως
1428 848 1520 886 θα-

106 917 242 964 νάτου
271 917 464 977 ιῖγώνιζε
495 917 609 980 ὑπὲρ
638 921 715 975 τῆς
746 917 1006 974 &anthias-5⁶
1057 922 1148 963 Καὶ
1180 920 1230 964 ἓν
1259 923 1322 977 τῷ
1354 917 1442 982 ᾅδῃ
1473 921 1524 965 δὲ

105 995 308 1055 Χριστὸν
361 994 586 1053 ἐζήλωσαν
631 998 674 1041 οἱ
711 995 950 1056 Ἰουδαῖοι,
1005 994 1374 1058 ὑποφθείραντες
1423 996 1528 1048 τοὺς

106 1073 389 1135 στρατιώτας.

217 1148 441 1211 ,,Ἀδελφὴ
458 1151 504 1209 4)
544 1148 677 1209 ἡμῶν
713 1149 871 1211 μικροὶ,
914 1152 990 1195 καὶ
1029 1151 1232 1210 μαστοὺς
1270 1152 1354 1197 οὐκ
1383 1153 1522 1212 ἔχειτί(

96 1225 193 1274 ”Eu-
224 1228 365 1288 μικρὰ
394 1228 420 1285 ἡ
453 1231 532 1273 τοῦ
558 1227 808 1290 ἀνθρώπου
826 1226 966 1286 ψυχὴ,
1000 1232 1076 1273 καὶ
1106 1231 1185 1274 ἐπὶ
1213 1234 1296 1288 γῆς
1326 1232 1389 1275 ἔτι
1422 1232 1526 1276 ἐπι-

109 1309 408 1366 σκευαζομένη
439 1313 519 1352 τοῦ
552 1311 662 1353 θεοῦ
694 1307 921 1363 ἐκκλησία,
945 1309 1021 1350 καὶ
1042 1306 1248 1365 νοήματα
1267 1322 1277 1333 ·
1311 1332 1362 1340 --
1393 1312 1526 1355 τοῦτο

106 1385 196 1445 γὰρ
229 1387 272 1430 οἴ
298 1389 490 1445 μαστοί·
523 1409 576 1416 -
607 1380 745 1439 μήπω
777 1384 960 1440 ἔχουσα,
995 1385 1266 1431 ἐπιδίδωσιν
1296 1388 1357 1436 εἰς
1384 1389 1527 1445 μέγε-

107 1470 190 1513 θος
217 1467 319 1519 βίου
350 1464 426 1505 καὶ
457 1457 715 1517 νοημάτων,
748 1459 866 1504 ἐπὰν
894 1460 1100 1523 τρανιόσῃ
1131 1461 1184 1506 τά
1212 1461 1422 1520 νοήματα
1452 1466 1528 1508 καὶ

107 1538 368 1600 προφητικὰ
399 1537 690 1595 θεωρήματα,
725 1534 752 1593 ἢ
783 1535 864 1592 τὴν
893 1537 1161 1597 σύμπνοιάν
1189 1557 1235 1585 τε
1265 1543 1342 1584 καὶ
1365 1555 1530 1599 συνερ-

107 1622 217 1677 γίαν
247 1614 432 1678 χωρήσῃ
474 1613 742 1670 δυνάμεων,
791 1618 838 1658 αἳ
876 1619 954 1659 καὶ
988 1615 1129 1662 ταῦτά
1170 1632 1287 1676 φασι
1330 1618 1446 1677 μετά
1485 1637 1530 1665 τε

108 1698 360 1756 προφητῶν
389 1695 465 1738 καὶ
495 1695 686 1737 δικαίων
714 1691 1005 1753 πνευμάτων.

222 1771 362 1829 „‘0⁵)
390 1770 648 1830 καθήμενος
679 1772 728 1814 ἓν
756 1768 966 1827 κήποις.“
1024 1768 1167 1818 Εἶδεν
1196 1772 1222 1830 ἡ
1261 1771 1420 1833 νύμφη
1451 1772 1532 1819 τὸν

111 1854 316 1910 νυμφίον
347 1848 703 1906 ἀναπαυόμενον
734 1849 784 1893 ἓν
815 1855 906 1898 τοῖς
936 1848 1119 1907 κήποις,
1160 1854 1237 1895 καὶ
1275 1851 1378 1902 τοὺς
1406 1853 1531 1897 ἑταί-

111 1946 214 1988 ρους
251 1927 388 1972 αὐτοῦ
427 1930 735 1988 προσέχοντας
773 1926 911 1971 αὐτοῦ
949 1931 1000 1989 τῇ
1041 1931 1199 1990 φωνῇ,
1245 1921 1295 1985 ἧς
1335 1926 1533 1986 ἤκουσεν

111 2005 233 2062 αὕτη,
266 2008 341 2050 καὶ
370 2003 577 2062 βούλεται
609 2003 748 2049 αὐτὸν
779 2004 912 2056 ὀξέως
951 2009 1028 2049 καὶ
1059 2008 1326 2068 διορατικῶς
1356 2007 1531 2067 ὁρῶντα

110 2082 200 2129 ἀπὸ
231 2086 323 2128 τῶν
351 2083 454 2143 τῇδε
484 2081 772 2141 πραγμάτων
802 2083 1003 2127 ἐκκλίναι
1043 2081 1168 2143 τάχει
1196 2086 1286 2143 μὲν
1316 2089 1393 2130 καὶ
1425 2086 1532 2138 ὀξυ-

110 2163 266 2223 δερκίᾳ
297 2159 598 2218 ὡμοιωμένον
627 2159 846 2222 δορκάδι·
887 2165 1031 2223 νεβρῷ
1063 2164 1136 2219 δὲ,
1177 2166 1240 2221 τῷ
1269 2167 1360 2208 τῶν
1388 2167 1531 2210 πολε-

112 2244 232 2298 μίων
270 2237 328 2289 ὠς
367 2234 522 2297 ὄφεων
559 2241 635 2282 καὶ
675 2243 910 2300 σκορπίων
951 2245 1353 2301 καταφρονητικῶς
1393 2244 1528 2301 ἔχειν,

111 2321 189 2362 καὶ
216 2316 428 2362 ἀνελθεῖν
455 2315 569 2373 πρὸς
606 2315 708 2367 τοὺς
744 2316 1042 2374 ἀνεστηκότας
1081 2317 1140 2369 ὠς
1178 2315 1285 2378 ὅρη,
1328 2323 1406 2365 καὶ
1434 2320 1532 2366 πά-

112 2411 190 2450 σης
219 2398 437 2444 πνέοντας
457 2395 675 2446 εὐωδίας·
707 2400 814 2455 περὶ
844 2389 908 2440 ὧν
937 2394 1013 2441 τό·
1044 2398 1180 2455 ,,οἱ5)
1210 2401 1416 2456 θεμέλιοι
1444 2400 1533 2444 αὐ-

111 2476 202 2518 τῶν
232 2473 282 2516 ἐν
311 2477 401 2521 τοῖς
432 2468 554 2530 ὄρεσι
582 2479 674 2524 τοῖς
703 2472 898 2533 ἀγίοις.“
967 2477 1061 2518 Καὶ
1101 2478 1244 2519 ταῦτα
1278 2473 1398 2521 ’κατὰ
1428 2476 1532 2530 τοὺς

233 2649 273 2706 l)
305 2648 390 2691 Cfr.
423 2648 548 2689 Rom.
579 2649 630 2701 V,
661 2650 726 2693 14.
842 2652 884 2710 ²)
917 2651 1080 2697 Cantic.
1108 2652 1229 2702 VIII,
1259 2651 1299 2695 6.

225 2717 270 2776 3)
303 2719 388 2761 Cfr.
421 2719 518 2775 Sap.
551 2717 680 2761 sirac.
712 2722 786 2771 IV,
809 2721 876 2765 28.
907 2721 1234 2779 (Ecclesiastic.)

229 2790 274 2847 4)
307 2789 467 2831 Cantic.
498 2789 616 2839 VIII,
645 2788 683 2833 8.
804 2792 847 2847 ⁵)
881 2791 1035 2833 Cantic.
1066 2793 1184 2841 VIII,
1217 2790 1281 2834 13.

232 2861 274 2916 6)
306 2860 390 2903 Cfr.
422 2860 574 2903 Psalm.
605 2860 862 2913 LXXXVII,
894 2860 930 2906 1.
964 2861 1236 2919 (LXXXVI.)
