1734 3112
670 94 826 133 Lmen
842 93 916 132 lV.
1448 91 1502 134 89

90 205 332 247 admittitur.
400 205 557 245 Verum
597 220 649 244 ne
695 203 803 243 illud
843 202 1034 258 quidem,
1080 202 1196 256 quod
1240 201 1283 241 in
1319 203 1506 243 secundo

91 283 201 323 libro
232 283 386 323 Esdrae
424 281 626 336 scriptum
658 279 857 328 diximus,
894 279 1060 334 penitus
1100 278 1381 319 omittendum
1421 291 1501 320 est:

92 360 188 409 ubi,
233 376 326 399 cum
364 357 682 398 aedificarentur
721 369 859 398 sancta
897 368 1156 404 sanctorum,
1201 355 1245 395 id
1284 367 1365 405 est,
1407 373 1500 396 cum

92 435 195 476 fides
226 434 378 476 Christi
410 447 450 475 et
478 447 717 475 sanctorum
749 435 836 490 ejus
865 433 1060 491 mysteria
1092 434 1396 482 conderentur,
1426 432 1505 472 ini-

93 512 191 552 mici
221 511 423 562 verstatis,
455 512 640 567 fideique
672 511 888 561 contrarii,
922 511 993 567 qui
1022 522 1118 551 sunt
1145 510 1355 566 sapientes
1382 507 1504 564 hujus

90 588 258 637 saeculi,
288 588 475 629 videntes
495 590 649 644 absque
668 600 755 629 arte
773 588 811 643 ¹)
843 587 1111 640 grammatica
1133 599 1173 627 et
1192 586 1343 643 peritia
1362 585 1504 642 philo-

89 665 259 720 sophica
291 681 538 718 consurgere
575 682 718 705 muros
748 665 988 717 Evangelii,
1029 665 1145 705 velut
1185 681 1281 704 cum
1309 662 1502 703 irrisione

90 743 267 796 quadam
288 743 445 793 dicunt,
475 743 678 798 perfacile
708 743 788 782 hoc
820 758 943 798 posse
970 741 1128 782 destrui
1159 740 1388 782 calliditate
1417 755 1505 781 ser-

89 836 262 859 monum
293 837 370 876 per
397 832 548 861 astutas
570 819 754 860 fallacias
783 830 824 859 et
853 831 1094 871 argumenta
1121 818 1351 859 dialectica.
1387 818 1504 858 Haec

88 895 279 946 interim,
310 910 510 953 quantum
540 896 720 936 brevitas
747 896 890 951 potuit
920 897 1029 952 pati,
1062 897 1114 936 de
1144 895 1337 936 assumtis
1366 911 1503 936 exem-

87 973 168 1027 plis
199 973 309 1014 dicta
338 975 557 1016 sufficiant.
604 976 724 1015 Nunc
754 974 836 1032 jam
861 974 911 1014 ad
931 973 1200 1029 propositum
1230 985 1505 1014 revertamur.

90 1051 269 1092 Videtur
306 1067 403 1104 ergo
435 1052 477 1092 in
510 1050 682 1092 Cantico
718 1051 990 1092 Canticorum
1019 1062 1293 1106 praeceptum
1331 1051 1420 1092 dari
1450 1052 1502 1091 ab

89 1144 242 1183 sponso
274 1128 415 1169 amicis
448 1128 527 1169 sibi
558 1128 804 1178 virtutibus,
841 1140 888 1168 ut
928 1128 1093 1184 capiant
1132 1140 1172 1168 et
1202 1140 1373 1180 arguant
1403 1145 1503 1169 con-

86 1206 229 1246 trarias
258 1217 500 1261 potestates,
531 1221 634 1261 quae
665 1205 914 1246 insidiantur
942 1205 1156 1246 animabus
1185 1206 1418 1257 hominum,
1448 1222 1501 1247 ne

89 1282 364 1323 exterminent
400 1298 548 1323 eorum
586 1281 703 1322 initia
741 1282 864 1332 fidei,
908 1282 1143 1338 floremque
1181 1284 1385 1325 virtutum
1423 1285 1501 1324 sub

86 1359 225 1414 specie
254 1371 437 1416 seclretae
465 1358 640 1415 alicujus
670 1370 711 1399 et
742 1360 933 1400 occultae
961 1359 1211 1415 sapientiae,
1250 1377 1356 1416 quae
1386 1361 1504 1417 quasi

88 1437 234 1491 vulpes
271 1436 314 1476 in
353 1435 508 1485 foveis,
549 1435 607 1476 ita
644 1435 686 1475 in
722 1435 784 1475 his
815 1436 1079 1487 hominibus,
1119 1437 1190 1493 qui
1219 1449 1353 1478 semet
1387 1438 1502 1495 ipsos

86 1513 139 1552 ad
168 1513 269 1552 haec
297 1513 492 1553 sectanda
518 1511 800 1567 praebuerint,
832 1513 1095 1554 delitescunt.
1138 1515 1195 1556 Et
1224 1531 1308 1571 quo
1338 1515 1503 1556 facilius

88 1589 296 1630 confutari
323 1589 484 1644 possint
514 1600 554 1629 et
583 1589 718 1642 argui,
761 1590 862 1630 dum
894 1607 1046 1646 pravae
1086 1591 1169 1632 sint
1197 1593 1346 1647 vulpes
1375 1592 1503 1648 ipsae,

89 1677 130 1707 et
158 1665 276 1707 initia
304 1667 458 1706 habent
472 1665 678 1721 pessimae
696 1668 989 1722 persuasionis,
1021 1668 1114 1724 capi
1142 1669 1353 1726 jubentur.
1394 1671 1504 1710 Nam

88 1742 122 1783 si
149 1743 260 1784 forte
292 1743 519 1793 creverint,
550 1755 590 1784 et
618 1743 798 1800 majores
826 1744 984 1785 fuerint
1012 1745 1160 1800 vulpes
1192 1747 1390 1796 effectae,
1417 1744 1503 1804 jam

88 1831 297 1876 nequeant
326 1821 376 1860 ab
401 1819 543 1860 amicis
560 1820 602 1876 ²)
632 1820 789 1875 sponsi,
818 1822 893 1862 sed
924 1823 976 1862 ab
1005 1821 1098 1877 ipso
1129 1823 1316 1864 fortassis
1343 1839 1501 1879 sponso

87 1897 181 1938 solo
221 1896 313 1953 capi
349 1908 560 1952 poterunt.
630 1898 717 1939 Sed
756 1910 797 1939 et
844 1898 974 1940 sancti
1022 1899 1177 1955 quique
1224 1900 1420 1942 doctores
1460 1912 1501 1941 et

86 1973 271 2026 magistri
301 1973 521 2023 eeclesiae,
551 1973 659 2015 sicut
687 1987 941 2031 acceperunt
957 1976 998 2031 3)
1028 1988 1283 2032 potestatem
1314 1977 1503 2018 calcandi

87 2067 214 2107 super
246 2062 460 2107 serpentes
503 2062 543 2092 et
581 2052 848 2108 scorpiones,
894 2052 951 2094 ita
994 2053 1205 2109 accipiunt
1248 2066 1503 2108 potestatem

88 2128 212 2169 etiam
244 2127 437 2184 capiendi
466 2129 626 2184 vulpes.
672 2129 744 2171 Sic
765 2130 876 2170 enim
907 2132 1001 2171 data
1021 2143 1082 2172 est
1097 2143 1282 2187 potestas
1311 2131 1360 2173 iis
1377 2148 1504 2188 super

90 2219 259 2245 omnem
297 2205 496 2246 virtutem
531 2206 704 2247 inimici.
772 2207 866 2248 Una
883 2208 926 2262 ⁴)
967 2208 1054 2249 sine
1099 2208 1228 2249 dubio
1270 2225 1318 2249 ex
1356 2208 1504 2250 ceteris

89 2280 267 2322 inimicis
296 2282 519 2324 virtutibus
549 2295 610 2324 est
640 2285 809 2340 vulpes,
850 2301 954 2342 quae
985 2286 1230 2327 exterminat
1257 2285 1396 2326 vineas
1425 2285 1504 2326 flo-

92 2369 229 2398 rentes
249 2357 314 2413 ⁵),
350 2375 560 2416 quaeque‚
593 2378 688 2402 cum
726 2363 861 2403 adhuc
900 2379 1028 2418 parva
1068 2374 1150 2413 est,
1191 2362 1284 2419 capi
1320 2361 1502 2420 jubetur,

93 2434 200 2476 sicut
221 2444 262 2475 et
280 2433 322 2474 in
342 2437 568 2479 centesimo
587 2439 801 2492 trigesimo
823 2440 1004 2497 septimo
1025 2441 1189 2496 psalmo
1219 2442 1366 2482 beatus
1398 2440 1502 2482 dici-

211 2609 251 2662 ¹)
282 2609 415 2650 Deest
445 2618 601 2659 „arte“
633 2613 674 2653 in
705 2615 799 2655 edd.
833 2616 894 2656 M.

209 2676 251 2733 2)
281 2678 362 2723 Ed.
394 2680 526 2720 Ruaei
556 2682 665 2722 sola:
700 2683 892 2726 inimicis.
1011 2687 1054 2741 3)
1084 2686 1172 2745 §fn
1203 2689 1302 2728 Luc.
1321 2687 1375 2738 X,
1407 2688 1470 2731 19.

207 2746 249 2803 ⁴)
278 2747 387 2789 Edd.
406 2749 467 2791 M.
497 2750 618 2800 „Una
637 2764 774 2794 autem
794 2754 882 2796 sine
906 2779 954 2786 ’-
979 2756 1139 2798 inimici
1160 2756 1501 2798 virtutibus“etc.

208 2817 249 2871 ⁵)
279 2817 409 2860 Deest
440 2821 710 2871 ‚‚ssorentes“
742 2823 783 2864 in
815 2825 909 2866 edd.
941 2826 1000 2867 M.
