1763 3112
206 70 291 114 422
659 79 712 108 Ex
743 66 954 107 Omemm
985 65 1188 106 samem

206 181 280 228 εἴτ’
315 182 368 226 ἐν
395 182 614 238 πορνείᾳ,
666 177 974 235 παραδίδοται
1010 178 1073 233 τῷ
1113 177 1302 232 Σατανᾷ
1347 177 1408 226 εἰς
1441 172 1636 236 ὄλεθρον

206 262 286 314 τῆς
315 256 497 317 σαρκὸς,
528 259 604 301 ἵνα
634 254 686 300 τὸ
715 258 901 312 πνεῦμα
941 254 1068 314 σωθῇ
1101 253 1153 297 ἐν
1181 255 1232 313 τῇ
1264 250 1413 312 ἡμέρᾳ
1442 257 1522 298 τοῦ
1552 272 1637 299 κυ-

209 341 324 394 ρίου.
388 338 527 383 Τίνας
555 334 606 377 δὲ
634 330 870 385 ὑποκαίει;
924 329 1043 379 Τοῦς
1071 331 1421 385 κατοικοῦντας,
1453 330 1545 374 ἀλλ’
1582 331 1635 376 οὐ

209 412 314 463 τοῦς
343 412 677 470 παροικοῦντας
704 407 787 464 τὴν
815 411 923 465 γῆν.
994 411 1114 463 Βέλη
1142 406 1234 465 γὰρ
1266 406 1455 453 ἀπολύει
1484 425 1636 453 πεπυ-

211 496 396 552 ρωμένα
429 491 506 534 ἐπὶ
535 486 639 538 τούς
669 486 731 544 μὴ
768 484 893 547 πάσῃ
929 489 1110 546 φυλακῇ
1143 486 1390 542 τηροῦντας
1425 485 1502 535 τὰς
1531 486 1634 530 ἑαυ-

211 573 304 614 τῶν
319 569 523 625 καρδίας,
557 563 616 613 ὠς
640 563 719 623 ὑφ’
749 566 846 613 οἵας
863 565 1098 618 δηποτοῦν
1113 561 1339 620 ἁμαρτίας
1355 566 1640 619 πυροῦσθαι.

664 889 936 950 Κεφάλαιον
967 888 1195 948 δεύτερον.

328 1004 478 1064 ,,Ἐγώ
498 1005 538 1062 ¹)
570 1003 619 1047 δὲ
652 1001 879 1062 ἐφύτευσά
912 1019 961 1048 σε
992 1000 1202 1061 ἄμπελον
1225 1001 1530 1063 καρποφόρον
1545 1005 1641 1046 πᾶ-

219 1101 306 1130 σαν
347 1079 600 1138 ἀληθινήν·
642 1083 738 1130 πῶς
776 1080 1006 1140 ἐστράφης
1043 1084 1105 1131 εἷς
1148 1085 1339 1138 πικρίαν
1378 1076 1581 1137 ἄμπελος
1614 1078 1642 1135 ἡ

481 1161 509 1183 “
556 1162 616 1201 Εἰ
646 1156 668 1201 ὁ
699 1156 806 1207 θεὸς
835 1157 1042 1203 θάνατον
1075 1160 1155 1203 οὐκ
1186 1161 1425 1216 ἐποίησεν,
1477 1155 1644 1216 φθόνῳ

218 1241 268 1284 δὲ
309 1236 530 1295 διαβόλου
567 1233 771 1284 θάνατος
810 1238 1021 1290 εἰσῆλθεν
1066 1238 1127 1286 εἰς
1163 1235 1244 1280 τὸν
1283 1233 1483 1291 κόσμον·
1525 1238 1567 1279 εἴ
1603 1251 1643 1278 τι

217 1163 462 1219 ἀλλοτρία;

214 1320 321 1377 περὶ
349 1315 469 1372 ἡμᾶς
506 1310 697 1372 ἄριστον
735 1317 991 1368 πεποίηκεν
1032 1311 1054 1356 ό
1087 1312 1215 1368 θεὸς,
1270 1311 1399 1371 ἡμεῖς
1437 1308 1525 1372 ἄρα
1565 1310 1649 1367 τὴν

219 1399 387 1439 κακίαν
428 1394 674 1449 ἕκτίσαμεν
711 1390 902 1440 ἑαυτοῖς.
959 1388 1136 1448 Διόπερ
1177 1391 1421 1449 ἔπαπορεῖ·
1461 1390 1647 1446 ,,πῶς2)

221 1470 475 1532 ἐστράφης,·
489 1471 519 1492 “

221 1551 276 1594 δέ
304 1563 448 1607 φησιν
488 1545 570 1591 οὐκ
610 1547 660 1590 ἐκ
696 1548 888 1603 μέρους,
934 1544 995 1596 ὠς
1032 1544 1113 1590 τὸν
1151 1546 1240 1603 μὲν
1273 1541 1391 1590 εἶναι
1421 1544 1647 1600 ἀληθινήν

221 1624 454 1683 ἄμπελον,
497 1625 579 1669 τὸν
618 1624 669 1668 δὲ
708 1624 882 1679 ψευδῆ·
923 1621 1000 1667 διὰ
1040 1622 1132 1682 γὰρ
1172 1625 1251 1668 τοῦ
1279 1621 1425 1680 Ἀδὰμ
1452 1622 1544 1667 κατ’
1579 1624 1647 1668 εἰ-

223 1703 337 1749 κόνα
377 1705 489 1748 θεοῦ
529 1698 793 1760 γεγόναμεν
838 1698 1051 1751 ἅπαντες.
1133 1703 1354 1746 Τοιοῦτον
1392 1701 1442 1745 δὲ
1479 1703 1557 1746 καὶ
1594 1700 1644 1746 τό

554 1467 637 1512 οὐκ
669 1468 868 1525 ἀγνοῶν,
902 1466 993 1511 ἀλλ’
1030 1467 1350 1528 ἀνθρωπίνως.
1412 1468 1648 1522 ,,Πᾶσανίί

220 1780 435 1826 Ἡσαΐου·
468 1782 599 1836 ,,πῶς
629 1779 806 1835 ἐγένετο
837 1776 967 1828 πόλις
996 1777 1142 1839 πόρνη
1172 1777 1308 1834 πιστὴ
1338 1778 1526 1834 Σιών,·“

333 1856 452 1915 ,,Μὴ
469 1851 515 1915 ⁴²)
556 1853 817 1909 ἐπιλήσεται
855 1857 1017 1913 νύμφη
1054 1856 1136 1900 τὸν
1177 1854 1354 1913 κόσμον
1385 1855 1541 1913 αὐτῆς,
1574 1860 1652 1902 καὶ

224 1940 457 1995 παρθένος
485 1931 570 1990 τὴν
599 1933 944 1989 στηθοδεσμίδα
975 1931 1133 1988 αὐτῆς
1170 1932 1218 1978 Ὁ
1237 1934 1287 1977 δὲ
1308 1931 1415 1984 λαός
1427 1951 1521 1993 μου
1539 1936 1649 1980 ἒπε-

222 2010 390 2059 λάθετό
429 2029 521 2071 μου
558 2008 752 2067 ἡμέρας,
800 2000 866 2054 ὧν
905 2008 988 2054 οὐκ
1026 2011 1150 2054 ἔστιν
1190 2008 1435 2067 ἀριθμός.“
1498 2014 1650 2067 Φησὶν

225 2084 309 2137 οῦν
347 2090 668 2148 ἓντρεπτικῶς·
717 2085 782 2144 μὴ
832 2091 927 2137 τοῖς
973 2084 1177 2138 εἰδώλοις
1221 2085 1391 2145 ὁμοίως
1428 2086 1651 2145 ἀνόνητος

226 2169 381 2218 αὐτοῖς
408 2170 610 2226 γέγονα,
655 2155 709 2209 οῦ
750 2163 805 2220 δὴ
828 2162 970 2224 χάριν
1007 2164 1091 2220 τὴν
1122 2163 1238 2224 ἐμὴν
1270 2164 1540 2224 ἀπέδρασαν
1568 2167 1648 2213 δε-

226 2249 471 2298 σποτείαν;
499 2247 595 2287 Καί
620 2258 690 2287 τοι
719 2244 797 2286 καὶ
827 2239 1107 2293 ἀποστάντες
1135 2243 1266 2302 ἐμοῦ,
1298 2245 1376 2287 καὶ
1392 2241 1522 2299 δόξης
1538 2244 1647 2288 ἑαυ-

226 2321 332 2373 τοὺς
373 2321 709 2379 ἀπεστέρησαν·
751 2319 866 2370 δόξα
913 2318 1004 2377 γὰρ
1058 2318 1241 2371 αἰώνιος
1291 2319 1407 2381 ὑπὲρ
1451 2325 1651 2380 κεφαλῆς

227 2403 319 2446 τῶν
351 2401 560 2445 δικαίων.

352 2567 394 2624 ¹)
426 2566 514 2609 cfr.
544 2565 701 2609 Jerem.
733 2565 789 2617 ΙΙ,
818 2565 887 2610 21.
1005 2565 1050 2622 ²)
1079 2565 1235 2609 Jerem.
1269 2568 1324 2619 ΙΙ,
1356 2566 1422 2611 21.

342 2638 388 2694 ³)
422 2636 547 2680 Jesai.
578 2638 613 2689 I,
643 2636 710 2681 21.
829 2635 872 2691 ⁴)
903 2634 1057 2678 Jerem.
1091 2637 1149 2689 ΙΙ,
1178 2636 1245 2681 32.
