1734 3112
627 109 829 152 HommA
865 107 940 149 IX.
1414 108 1498 155 205

79 225 208 266 λιστα
246 219 346 265 καθ’
387 218 508 278 ἡμᾶς
543 218 647 270 τούς
693 218 1088 276 ἐκκλησιαστικοῠς
1117 219 1372 278 ἀναγκαῖόν
1403 223 1498 267 ἐστι

79 297 400 357 γινώσκεσθαι,
434 299 594 348 οἵτινες
622 301 818 354 θέλομεν
846 292 927 342 τὸν
962 295 1100 343 αὐτὸν
1129 293 1247 343 εἶναι
1275 297 1388 344 θεὸν
1417 298 1498 345 νό-

78 393 171 433 μου
200 377 277 420 καὶ
304 374 587 432 εὐαγγελίου,
620 374 700 421 τὸν
729 371 869 420 αὑτὸν
899 373 1124 435 Χριστὸν,
1170 379 1248 421 καὶ
1283 373 1384 423 τότε
1424 381 1501 421 καὶ

79 456 166 499 νῦν
194 456 255 503 εἰς
281 450 456 504 πάντας
487 452 590 505 τοὺς
620 456 803 503 αἰῶνας.
853 448 1070 497 Ἔσονται
1101 455 1145 498 οἱ
1175 452 1500 504 διακόπτοντες

79 528 161 586 τὴν
190 527 381 586 θεότητα
408 529 489 586 τὴν
516 535 823 592 πρεσβυτέραν
852 533 928 586 τῆς
957 531 1200 588 ἐπιδημίας
1231 533 1311 576 τοῦ
1351 534 1500 587 σωτῆ-

79 623 169 667 ρος,
204 604 315 652 ὅσον
344 608 423 652 ἐπὶ
450 611 502 670 τῇ
532 610 705 654 ἑαυτῶν
745 605 997 666 ὑπολήψει,
1047 607 1138 654 ἀπὸ
1177 611 1254 665 τῆς
1290 606 1501 666 θεότητος

75 686 152 741 τῆς
181 685 577 744 ἓπαγγελλομένης
604 683 696 731 ὑπὸ
730 683 874 742 Ἰησοῦ
906 689 1130 747 Χριστοῦ·
1171 684 1302 747 ἡμεῖς
1338 687 1388 732 δὲ
1419 686 1501 732 ἕνα

80 762 275 822 οἴδαμεν
303 760 416 809 θεὸν
444 764 520 807 καὶ
549 760 662 819 τότε,
699 765 776 807 καὶ
806 766 911 808 νῦν·
943 763 1022 808 ἕνα
1047 762 1251 824 Χριστὸν
1279 768 1356 810 καὶ
1385 762 1498 821 τότε,

77 841 154 884 καὶ
184 842 280 885 νῦν.
337 843 491 885 Ταῦτα
520 839 596 885 διὰ
627 841 701 886 τό·
736 838 797 900 ,,ὁ
818 842 858 897 ¹)
891 839 1026 900 λόγος
1057 840 1080 886 ὁ
1110 841 1362 901 γενόμενος
1388 840 1503 904 πρὸς

7 924 11 929 ’
75 915 295 979 Ἱερεμίαν
342 917 466 980 παρὰ
506 924 686 979 κυρίου,
735 920 933 976 λε’γων.“
1020 925 1080 963 Τι’
1119 921 1203 965 οὐν
1248 921 1327 964 καὶ
1371 919 1504 977 ἡμεῖς

77 993 370 1054 ἀκούσωμεν,·
421 994 694 1053 ,,Ἀκούσατε
710 996 752 1053 ²)
797 995 903 1048 τους
953 994 1117 1056 λόγους
1159 1000 1235 1053 τῆς
1283 996 1503 1054 διαθήκης

76 1070 256 1129 ταύτης·
286 1076 363 1118 καὶ
391 1071 612 1130 λαλήσατε
634 1072 747 1132 πρὸς
774 1069 944 1135 ἄνδρας
962 1074 1127 1132 Ἰούδα,
1160 1079 1235 1120 καὶ
1261 1074 1376 1136 πρὸς
1401 1075 1504 1125 τούς

77 1153 401 1201 κατοικοῦντας
425 1150 769 1211 Ἱερουσαλήμ.“
817 1148 1005 1213 ’Ἀνδρες
1029 1151 1178 1198 Ἰούδα
1208 1153 1338 1211 ἡμεῖς
1364 1155 1503 1212 ἐσμεν

78 1228 156 1274 διὰ
186 1228 266 1276 τὸν
296 1227 512 1287 Χριστόν.
571 1229 817 1291 Πρόδηλον
845 1231 953 1289 γὰρ,
984 1230 1053 1276 ὅτι
1083 1233 1130 1282 ἒξ
1156 1231 1307 1276 Ἰούδα
1339 1233 1502 1277 ἀνατέ-

76 1311 240 1353 ταλκεν
271 1306 294 1352 ὁ
325 1305 476 1369 κύριος
512 1306 657 1367 ἡμῶν.
724 1312 818 1352 Καὶ
855 1309 904 1354 τὸ
948 1305 1097 1366 ὄνομα
1137 1312 1216 1353 τοῦ
1242 1307 1390 1354 Ἰούδα
1421 1309 1503 1354 ἐὰν

80 1383 373 1448 παραστήσω,
406 1386 544 1442 καὶ3)
576 1384 657 1441 τὴν
674 1385 1051 1445 ἀπογραφὴνέπὶ
1065 1386 1146 1432 τὸν
1164 1387 1366 1445 Χριστὸν
1385 1387 1503 1432 ἀνα-

79 1462 363 1523 φερόμενον,
410 1459 576 1520 ἄνδρες
611 1462 764 1509 Ἰούδα
805 1467 849 1509 οἱ
891 1464 1184 1516 ἀπιστοῦντες
1222 1469 1283 1523 τῷ
1316 1468 1502 1526 Χριστῷ

73 1540 287 1587 Ἰουδαῖοι
318 1541 399 1585 οὐκ
428 1543 630 1594 ἔσονται,
671 1541 762 1585 ἀλλ’
797 1539 950 1599 ἡμεῖς,
991 1540 1092 1587 ὅσοι
1122 1542 1397 1600 πιστεύομεν
1426 1544 1503 1587 ἐπὶ

77 1617 158 1664 τὸν
200 1617 417 1678 Χριστόν.
487 1617 752 1677 „‘1015‹5a⁴),
808 1620 855 1664 σὲ
907 1624 1174 1666 αῗνέσαισαν
1219 1623 1262 1666 οἱ
1304 1621 1507 1680 ἀδελφοί

79 1709 188 1743 σου·
222 1698 270 1740 αἱ
290 1700 441 1756 χεῖρές
469 1712 554 1741 σου
585 1697 662 1742 ἐπὶ
694 1695 837 1743 νώτου
853 1701 942 1742 τῶν
966 1699 1145 1757 ἐχθρῶν
1168 1699 1302 1744 σου.“
1348 1699 1501 1755 „EQ-5)

81 1776 402 1819 αῗνέσαισαν.“
480 1774 575 1819 Οὐκ
617 1775 793 1821 ἐκεῖνον
832 1774 911 1820 τὸν
935 1775 1136 1833 Ἰούδαν,
1179 1775 1258 1821 τὸν
1294 1775 1396 1821 υἱὸν
1424 1779 1504 1822 τοῦ

75 1850 246 1909 Ἰακώβ,
280 1855 324 1898 οἱ
353 1851 550 1911 ἀδελφοὶ
577 1852 716 1898 αὐτοῦ
747 1849 930 1916 ᾔνεσαν.
999 1857 1174 1900 Τοῦτον
1204 1856 1255 1901 δὲ
1282 1853 1363 1901 τὸν
1389 1853 1504 1900 Ἰού-

89 1931 180 1976 δαν
210 1933 471 1976 αῑνέσουσιν
514 1933 558 1976 οἱ
588 1929 796 1989 ἀδελφώ
836 1932 939 1977 ἐπεί
972 1948 1116 1991 φησιν
1159 1924 1287 1982 οὗτος
1329 1931 1351 1978 ὃ
1388 1930 1504 1978 Ἰού-

80 2009 190 2059 δας·
223 2006 538 2067 ,,διηγήσομαι
553 2008 597 2066 ⁶)
637 2007 686 2054 τὸ
732 2005 880 2069 ὄνομά
913 2024 996 2056 σου
1026 2016 1119 2061 τοῖς
1148 2011 1366 2070 ἀδελφοῖς
1394 2028 1501 2070 μου,

79 2084 131 2131 ἓν
167 2088 293 2144 μέσῳ
332 2087 570 2144 ἐκκλησίας
608 2085 798 2145 ὑμνήσω
838 2090 936 2134 σε.“
1008 2088 1134 2147 ΟὖῚ)
1179 2092 1354 2148 λέγεται
1391 2087 1507 2149 πρὸς

83 2163 260 2210 ἐκεῖνον
297 2162 378 2210 τὸν
412 2162 614 2210 Ἰούδαν’
661 2165 801 2224 ,,αἱ8)
833 2171 983 2226 χεῖρές
1018 2182 1102 2212 σου
1133 2168 1210 2212 ἐπὶ
1239 2164 1385 2213 νώτου
1416 2169 1506 2212 τῶν

198 2291 239 2348 ¹)
267 2291 424 2334 Jerem.
451 2293 529 2345 XI,
561 2294 597 2338 1.
718 2295 762 2352 ²)
795 2294 882 2338 Cfr.
914 2295 1071 2338 Jerem.
1101 2296 1181 2348 XI,
1212 2295 1250 2341 1.
1281 2294 1318 2339 2.

195 2360 237 2431 ³)
267 2362 324 2444 P‘t2
370 2361 413 2405 in
466 2363 599 2408 notis:
664 2366 856 2422 „legebat
899 2366 1204 2428 Hieronymus:
1266 2364 1380 2413 κατα
1424 2365 1506 2424 τὴν

80 2434 283 2479 γραφην.

196 2488 239 2546 ⁴)
269 2488 421 2530 Genes.
453 2490 607 2543 XLIX,
635 2492 675 2537 8.
796 2494 837 2550 5)
868 2494 1021 2536 Genes.
1051 2495 1206 2547 XLIX,
1241 2495 1280 2540 8.

197 2558 241 2615 ⁶)
269 2557 424 2600 Psalm.
455 2560 574 2612 XXI,
603 2560 671 2605 22.

201 2629 243 2685 ⁷)
273 2629 327 2671 H.
360 2641 401 2670 et
429 2630 480 2671 R.
512 2629 555 2672 in
584 2642 720 2673 textu:
753 2632 841 2688 „013
871 2636 1096 2692 λέγεται,“
1127 2635 1181 2679 H.
1213 2649 1353 2679 tamen
1377 2649 1505 2688 recte,

82 2697 129 2727 ut
155 2684 346 2736 videtur,
376 2686 430 2728 ad
457 2686 710 2739 marginem:
741 2689 926 2739 ‚,scribe:
965 2695 1193 2750 λέγετιιι,“
1230 2693 1344 2735 idem
1374 2709 1506 2750 porro

82 2741 266 2799 itemque
297 2743 349 2784 R.
379 2742 422 2783 in
451 2743 583 2784 notis:
616 2744 697 2794 „oz'ae
727 2744 837 2786 illud
866 2746 907 2788 in
925 2747 1188 2808 Hieronymo
1220 2766 1307 2792 non
1336 2766 1507 2807 compa-

83 2809 160 2852 ret,
191 2809 232 2840 et
261 2799 385 2855 plane
416 2800 700 2843 adulterinum
729 2807 856 2843 est.“‘

196 2868 240 2927 ⁸)
270 2869 378 2915 Gen.
406 2868 562 2923 xmx,
589 2868 629 2913 8.
