1734 3112
220 96 246 138 4
520 93 741 135 Onmnms
771 104 816 133 rx
847 91 1030 133 CANTm.
1065 91 1369 132 CAN-neonium

222 210 319 249 dem
349 218 538 249 sanctum
570 206 711 247 dicens
742 205 1025 261 paracletum,
1059 205 1174 260 quod
1206 215 1265 244 est
1296 204 1534 244 advocatus.
1595 204 1647 245 Et

223 287 275 328 (le
305 287 404 328 Jesu
437 285 605 328 Christo
639 283 913 324 nihilominus
945 283 985 324 in
1019 283 1196 339 epistola
1218 283 1257 338 l)
1289 298 1360 323 sua
1392 282 1515 331 dicit,
1554 282 1648 338 quia

221 364 311 422 ipse
343 364 393 405 sit
425 365 652 406 advocatus
684 362 795 417 apud
826 371 987 416 patrem
1018 377 1097 416 pro
1129 360 1311 417 peccatis
1341 360 1505 401 nostris.
1562 359 1647 401 Sed

225 443 322 499 et2)
355 444 467 500 apud
485 440 727 483 Zachariam
761 439 1011 495 prophetam
1045 440 1149 479 duae
1183 438 1319 479 olivae
1352 439 1403 479 ad
1436 439 1647 479 dexteram

224 533 264 562 et
295 522 347 562 ad
379 521 585 562 sinistram
617 517 854 559 candelabri
881 517 1057 573 positae,
1088 515 1351 568 unigenitum
1375 516 1650 557 nihilominus

226 612 267 641 et
297 599 505 656 Spiritum
537 610 725 639 sanctum
757 595 971 648 designare
1005 594 1243 635 creduntur.

337 676 487 728 „Ecce
505 677 568 734 ³),
610 692 650 716 es
681 676 817 730 bonus
848 673 1052 714 fraternus
1093 689 1232 722 meus,
1280 684 1321 713 et
1352 673 1522 730 quidem
1554 689 1650 715 ecce
1712 720 1715 729 Ι

223 771 266 797 es
305 754 542 811 speciosus,
585 751 721 793 cubile
761 763 954 793 nostrum
990 751 1288 791 umbrosum.“
1347 752 1470 793 Nunc
1486 751 1528 808 ⁴²)
1568 751 1654 808 pri-

223 850 341 875 mum
372 832 539 874 videtur
584 830 780 873 attentius
820 829 1045 886 inspexisse
1086 829 1227 886 sponsi
1270 829 1333 870 sui
1373 828 1654 886 pulchritudi-

223 928 321 953 nem
367 927 541 968 sponsa,
588 920 628 950 et
669 908 951 950 considerasse
992 907 1075 966 illis
1117 907 1273 958 oculis,
1321 907 1393 964 qui
1432 907 1653 949 columbae

225 990 368 1045 esse⁵)
402 988 504 1031 dicti
534 998 651 1038 sunt,
697 988 823 1028 decus
856 998 897 1027 et
926 984 1113 1043 speciem
1142 986 1260 1027 verbi
1290 985 1387 1027 Dei.
1449 984 1561 1041 Quia
1590 1001 1654 1026 re-

223 1084 321 1110 vera
349 1083 437 1109 non
466 1077 608 1123 potest
638 1064 753 1122 prius
784 1063 985 1122 perspici,
1015 1080 1092 1106 nec
1125 1064 1313 1117 agnosci,
1346 1075 1498 1120 quanta
1528 1063 1581 1105 sit
1611 1064 1651 1105 in

222 1147 354 1187 verbo
385 1143 716 1198 magnificentia,
747 1143 826 1184 nisi
857 1142 973 1199 prius
1006 1142 1154 1184 oculos
1187 1142 1304 1198 quasi
1336 1142 1580 1202 columbae,
1611 1141 1655 1182 id

223 1235 304 1273 est,
336 1222 660 1276 intelligentiam
691 1221 955 1278 spiritualem
991 1221 1183 1277 accipiat.
1245 1221 1482 1262 Commune
1514 1231 1653 1262 autem

222 1300 362 1341 cubile
393 1300 474 1341 sibi
506 1301 622 1356 quod
654 1300 756 1341 dicit
787 1315 873 1341 esse
907 1315 1003 1340 cum
1033 1315 1213 1355 sponsO,
1255 1315 1408 1355 corpus
1438 1299 1519 1340 hoc
1550 1297 1652 1339 mihi

221 1378 390 1419 videtur
429 1377 609 1420 indicari
647 1378 833 1429 animae,
876 1376 919 1418 in
960 1393 1043 1434 quo
1083 1378 1219 1419 adhuc
1257 1376 1395 1434 posita
1434 1377 1554 1431 digna
1585 1376 1655 1417 ha-

299 1597 302 1600 ’
342 1583 381 1640 ¹)
416 1583 502 1625 Cfr.
534 1582 719 1624 Ijoann.
751 1581 807 1632 II,
841 1580 878 1624 1.

336 1655 381 1710 ²)
411 1654 546 1694 Deest
576 1658 690 1703 ‚‚et“
720 1651 763 1691 in
796 1651 889 1691 edd.
922 1651 983 1693 M.
1022 1676 1072 1684 —
1106 1651 1194 1693 Cfr.
1224 1650 1397 1693 Zachar.
1430 1651 1502 1692 IV.

336 1724 380 1780 3)
413 1724 499 1765 Cfr.
537 1721 694 1765 Cantic.
728 1722 761 1770 I,
793 1719 858 1763 16.

339 1794 381 1849 ⁴⁴³)
413 1794 481 1835 Ad
519 1792 631 1834 hunc
674 1792 820 1833 locum
856 1791 995 1832 refero
1036 1807 1182 1845 graeca
1219 1790 1426 1847 Procopii
1466 1806 1514 1831 ex
1555 1790 1653 1833 Ori-

221 1879 347 1919 gene:
398 1868 501 1908 Νῦν
539 1864 657 1907 ἔοικε
703 1858 928 1921 πρότερον
959 1863 1256 1921 ἕνεωρακέναι
1289 1858 1561 1922 τρανότερον
1591 1864 1652 1919 τῷ

220 1938 299 1980 τοῦ
330 1940 536 1994 νυμφίου
567 1924 719 1978 κάλλει.
750 1930 775 1987 ἡ
809 1929 995 1990 νύμφη,
1034 1937 1112 1977 καὶ
1142 1931 1218 1977 διὰ
1253 1934 1341 1975 τῶν
1373 1935 1654 1990 περιστερῶν

222 2005 359 2089 αὐτῆς
389 2006 552 2064 ὀφθαλ
552 2008 652 2049 ιιῶν
681 2009 926 2048 “foemam
959 2006 1036 2060 τῆς
1065 2005 1115 2048 ἒν
1144 2007 1205 2061 τῷ
1227 2001 1376 2047 καλλει
1399 2005 1478 2047 τοῦ
1505 2000 1648 2060 λόγου

218 2076 459 2135 ὑπεροχῆς.
541 2074 671 2133 Τάχα
721 2077 771 2120 δὲ
817 2078 975 2129 κλίνην
1025 2072 1184 2126 κοινὴν
1229 2074 1387 2127 ἑαυτῆς
1453 2076 1528 2117 καὶ
1573 2075 1652 2117 τοῦ

219 2153 428 2207 νυμφίου
460 2146 508 2191 τὸ
541 2150 674 2204 σῶμα
717 2149 982 2199 αῗνιιτεται,
1033 2145 1083 2188 ἐν
1123 2145 1156 2202 ᾠ
1198 2145 1261 2188 ἔτι
1303 2136 1418 2188 οὖσα
1457 2143 1484 2198 ἡ
1527 2142 1651 2201 ψιχὴ

221 2217 427 2267 ἀξιοῦται
467 2221 542 2271 τῆς
570 2219 647 2261 τοῦ
689 2215 830 2273 λόγου
870 2219 1127 2264 κοινωνίας.
1188 2219 1331 2272 Λέγει
1370 2218 1488 2272 γοῦν
1517 2217 1654 2258 Παῦ-

219 2290 320 2338 λος·
352 2287 447 2344 „tic
479 2285 666 2346 σώματα
697 2287 828 2345 ὑμῶν
855 2289 968 2344 με’λη
1001 2288 1205 2345 Χριστοῦ
1238 2286 1383 2329 gauf<
1442 2283 1533 2328 Διεέ
1564 2283 1654 2342 γὰρ

218 2360 324 2401 τοῦ·
364 2356 559 2414 ,,ὑμῶν·
577 2360 606 2382 “
655 2360 731 2414 τῆς
762 2355 947 2415 νύμφης
987 2351 1104 2400 εἶναι
1134 2358 1251 2413 λέγει
1285 2355 1334 2399 τὸ
1368 2359 1525 2410 σῶμα·
1573 2353 1649 2398 διᾱ

220 2428 270 2470 δὲ
311 2431 410 2472 τοῦ·
453 2432 610 2486 ,,.μέλη
643 2431 865 2486 Χριστοῦ·
884 2429 913 2449 “
952 2429 1032 2470 τοῦ
1074 2432 1295 2484 νυμᾳίου.
1358 2424 1561 2469 Σύσκιον
1601 2426 1655 2468 δέ

219 2513 334 2557 φησι
363 2498 443 2543 τὸν
475 2503 695 2557 νυμφίον,
729 2496 805 2541 διὰ
837 2497 919 2553 τὴν
947 2497 1208 2555 πυκνότητα
1238 2501 1329 2542 τῶν
1359 2498 1410 2542 ἐν
1443 2492 1650 2553 τῷλόγῳ

217 2572 295 2614 καὶ
337 2573 388 2631 τῇ
429 2575 572 2628 σοφίᾳ
615 2566 939 2627 θεωρημάτων.
996 2569 1107 2614 Ἐὰν
1147 2561 1252 2630 δεῇ
1287 2567 1313 2623 ἡ
1345 2565 1473 2621 κοινὴ
1522 2568 1650 2620 κλίνη

217 2639 400 2698 ἀμφοῖν
445 2639 662 2695 εὐθαλὴς,
717 2638 853 2684 οὐδὲν
890 2638 1189 2697 θαυμαστὸν,
1237 2642 1366 2687 θείας
1412 2633 1651 2692 δυνάμεως

219 2712 539 2768 διϊκνουμένης
568 2712 644 2754 καὶ
677 2711 753 2754 ἐπὶ
786 2707 835 2754 τὸ
869 2713 1016 2765 σῶμα,
1049 2712 1209 2754 πᾶσαν
1237 2708 1319 2764 τὴν
1348 2704 1424 2752 διὰ
1451 2708 1529 2750 τοῦ
1554 2703 1648 2749 σώ-

212 2798 358 2840 ματος
392 2784 557 2838 πρᾶξιν
589 2779 773 2839 ἀγαθὴν
806 2783 1072 2836 δηλοῦσθαι.
1133 2782 1313 2821 Ruaeus.

336 2854 377 2909 ⁵)
407 2852 539 2895 Deest
573 2858 736 2904 ,‚esse“
769 2853 811 2893 in
845 2852 937 2894 edd.
971 2851 1031 2893 M.
