1763 3112
602 79 800 122 Homul».
835 78 953 121 XXI.
1402 79 1486 126 413

64 208 141 235 usu
175 202 247 243 est,
280 190 366 231 vini
387 190 425 248 ¹)
459 191 692 247 liquorem,
725 190 758 231 si
788 206 915 246 super
945 190 1058 231 sitim
1089 200 1129 230 et
1157 205 1283 245 super
1315 206 1481 231 mensu-

63 286 155 310 ram
183 268 379 318 biberint,
411 267 601 309 videmus
629 267 733 309 ebrii
750 284 902 323 corpus
925 279 1103 319 motum,
1135 266 1376 308 vacillantes
1411 284 1484 323 pc-

66 348 150 397 des,
185 356 310 402 caput
331 361 377 386 ac
401 356 595 401 tempora
620 357 901 402 praegravata,
934 362 979 386 os
1002 345 1267 396 dissolutum,
1299 343 1483 396 linguam

63 422 365 476 significantem
396 439 608 464 sermones
642 422 765 473 ebrii,
815 434 854 462 et
892 422 1159 463 haerentibus
1199 421 1318 463 labiis
1358 422 1486 462 verba

64 500 269 556 praecisa:
303 500 498 541 similiter
529 511 589 541 est
619 500 762 541 videre
795 499 983 556 eos,‘qui
1015 501 1066 540 de
1099 500 1227 541 calice
1258 514 1385 541 aureo
1416 497 1481 539 bi-

63 577 202 618 berint
230 577 479 635 Babylonis,
512 579 730 634 quomodo
763 590 1034 629 moveantur,
1067 578 1285 634 quomodo
1317 575 1485 618 instabi-

64 654 125 696 les
156 670 296 707 gressu
332 654 436 706 sint,
481 656 699 711 quomodo
746 655 962 697 debilitata
998 668 1139 698 mente
1180 668 1221 698 et
1257 656 1485 697 fluctuante

66 731 250 786 cogitatu
278 732 384 773 nihil
415 733 534 774 firme
563 746 752 784 teneant,
800 735 874 775 sed
904 751 1071 790 semper
1101 733 1145 775 in
1174 733 1483 775 turbationibus

63 822 237 863 agantur
265 810 426 852 incerti.
497 810 790 865 Quamobrem
826 811 1030 868 scriptura
1081 811 1220 852 divina
1259 812 1310 852 de
1349 810 1485 852 istius-

63 889 184 930 modi
212 889 452 931 hominibus
483 889 527 930 in
557 890 641 930 alio
674 890 772 930 loco
802 889 861 929 ita
889 888 964 929 ait:
998 900 1251 945 „propterea
1282 886 1486 929 commoti

63 972 200 1008 sunt.“
259 968 581 1022 Interponamus
612 966 773 1022 aliquid
802 964 1012 1023 mysterii,
1046 965 1147 1022 quid
1179 966 1230 1005 de
1260 976 1484 1021 peccatore

66 1044 228 1085 dicatur
243 1045 286 1100 ²)
321 1044 437 1085 Cain.
499 1044 606 1085 Cum
638 1059 821 1097 egressus
854 1055 914 1084 est
944 1060 967 1084 a
997 1042 1102 1084 facie
1133 1043 1244 1093 Dei,
1285 1041 1489 1083 habitavit

64 1120 107 1161 in
135 1132 245 1162 terra
274 1121 396 1171 Naid,
429 1133 573 1163 contra
602 1122 734 1163 Eden.
794 1121 904 1162 Naid
941 1121 984 1162 in
1014 1137 1157 1174 graeca
1189 1119 1329 1172 lingua
1359 1119 1488 1160 inter-

61 1209 253 1253 pretatur
283 1199 530 1241 commotio.
590 1199 678 1253 Qui
710 1199 821 1240 enim
849 1199 1104 1255 derelinquit
1122 1200 1277 1249 Deum,
1310 1198 1382 1254 qui
1414 1198 1488 1238 ‹le-

64 1275 163 1316 serit
191 1292 358 1317 sensum
389 1277 440 1317 de
474 1293 524 1318 eo
563 1276 716 1334 jugiter
753 1276 989 1329 cogitandi,
1042 1276 1118 1316 iste
1159 1275 1202 1316 in
1238 1287 1349 1315 terra
1378 1274 1489 1315 Naid

65 1352 278 1409 hodieque
307 1354 477 1404 habitat,
507 1353 552 1394 id
584 1366 657 1405 est,
687 1354 730 1395 in
759 1354 1035 1395 tribulatione
1056 1354 1098 1410 ³)
1138 1352 1240 1393 mali
1280 1351 1417 1393 cordis
1448 1362 1489 1392 et

64 1431 216 1472 mentis
247 1432 536 1473 commotione
568 1431 767 1473 consistit.

181 1508 245 1552 11.
278 1509 570 1566 ‚,Biberunt⁴)
601 1521 755 1562 gentes,
785 1520 1013 1566 propterea
1045 1518 1282 1549 commotae
1301 1517 1418 1556 sunt;
1450 1516 1490 1545 et

67 1585 206 1628 subito
239 1587 392 1628 cecidit
420 1587 637 1645 Babylon,
679 1600 719 1628 et
762 1587 939 1628 contrita
980 1591 1081 1627 est.“
1152 1585 1335 1640 Quando
1367 1582 1490 1624 dicit:

67 1676 269 1721 „repente
289 1665 330 1722 ⁵)
371 1665 523 1706 cecidit
562 1665 815 1722 Babylon:“
854 1666 1021 1706 videtur
1062 1664 1166 1704 mihi
1195 1661 1490 1719 prophetizare

70 1742 474 1784 consummationem
505 1742 653 1782 mundi
682 1743 820 1783 subito
851 1744 1046 1783 futuram.
1110 1740 1344 1795 Quomodo
1379 1738 1491 1779 enim

70 1819 218 1861 diebus
250 1820 399 1861 diluvii
431 1820 708 1861 comedebant
749 1832 790 1861 et
817 1821 1040 1871 bibebant,
1080 1820 1275 1859 emebant
1313 1828 1355 1857 et
1393 1832 1492 1857 ven-

72 1897 239 1948 debant,
263 1898 510 1954 plantabant
541 1909 583 1938 et
612 1897 902 1949 aedificabant,
936 1898 1072 1938 donec
1089 1896 1251 1938 veniret
1269 1893 1491 1944 diluvium,

73 1986 114 2016 et
142 1974 242 2016 tulit
272 1991 430 2026 omnes,
464 1987 505 2016 et
534 1975 674 2017 subito
707 1975 823 2017 venit
850 1974 1095 2025 inundatio,
1126 1972 1321 2014 similiter
1351 1983 1491 2013 autem

71 2051 185 2093 etin
226 2051 373 2095 diebus
411 2053 542 2094 Loth:
581 2053 641 2094 sic
681 2065 721 2094 et
760 2052 1066 2095 consummatio
1106 2050 1254 2092 mundi
1290 2065 1377 2090 non
1416 2065 1494 2106 per

71 2140 211 2185 partes
241 2130 327 2180 fiet,
357 2132 429 2171 sed
460 2143 647 2188 repente.
709 2131 820 2172 Huic
856 2131 1161 2171 conterendum
1194 2127 1428 2169 existimato
1445 2126 1489 2180 6)

73 2206 132 2257 id,
157 2207 274 2263 quod
302 2207 507 2263 scriptum
537 2220 598 2250 est
627 2209 671 2250 in
698 2208 801 2251 Jesu
830 2209 966 2259 Nave,
1009 2208 1179 2264 quando
1213 2222 1235 2248 a
1265 2222 1370 2247 voce
1401 2203 1494 2245 sola

74 2285 199 2325 tubae
237 2283 408 2325 Jerieho
448 2285 591 2328 civitas
623 2303 822 2328 corruens
852 2286 993 2328 subito
1035 2285 1252 2342 disperiit:
1304 2294 1344 2324 et
1381 2281 1494 2339 juxta

73 2362 179 2403 hanc
210 2362 531 2405 similitudinem
559 2364 825 2424 Babylonem
855 2380 1024 2421 quoque
1054 2363 1098 2404 in
1131 2360 1493 2404 consummatione

75 2439 233 2482 saeculi
273 2457 460 2482 casuram
500 2458 610 2493 esse,
659 2455 700 2483 et
738 2442 877 2484 subito
920 2442 1232 2483 conterendam.
1298 2439 1355 2480 Et
1392 2437 1496 2478 haec

78 2517 251 2574 quidem
286 2519 338 2560 de
370 2519 731 2582 consummatione
763 2520 875 2562 dieta
903 2519 997 2562 sint.
1038 2519 1086 2561 Si
1115 2534 1215 2559 vero
1246 2515 1412 2559 veneris
1442 2512 1495 2554 ad

196 2693 237 2748 ¹)
269 2694 378 2737 Edd.
408 2694 469 2736 Μ.
502 2706 577 2745 „ut
606 2694 720 2735 vini“
753 2706 829 2737 etc.
948 2696 992 2752 ²)
1024 2695 1111 2737 Cfr.
1143 2692 1248 2734 Gen.
1279 2691 1354 2735 IV.

194 2765 236 2821 3)
266 2765 375 2806 Edd.
408 2765 469 2806 M.
502 2766 811 2816 „turbatione.“
930 2765 973 2823 ⁴)
1002 2765 1159 2808 Jerem.
1189 2763 1259 2812 Ll,
1289 2761 1327 2804 7.
1358 2760 1397 2805 8.

195 2837 236 2892 ⁵)
269 2836 426 2877 Jerem.
457 2834 527 2887 LI,
555 2834 595 2881 8.
771 2835 814 2894 ⁶)
845 2834 955 2879 Edd.
984 2835 1047 2879 M.
1079 2831 1366 2888 ‚,aestimato.“
