1734 3112
648 92 790 135 LrssER
820 93 890 134 IV.
1431 101 1489 147 85

67 206 211 263 plexus
242 204 396 245 medici
433 203 698 260 sapientiam,
739 206 812 246 sed
851 204 1028 246 indulsit
1068 217 1202 248 semet
1238 206 1378 263 ipsum
1417 210 1483 253 illi

64 283 192 335 magis
224 281 420 332 consilio,
451 297 534 337 quo
566 282 918 323 exterminabatur
947 282 1084 325 anima
1112 300 1208 334 sua,
1239 300 1362 340 quarn
1395 304 1479 344 quo

62 362 292 401 sanabatur.
351 358 398 400 Si
427 373 528 398 vero
559 358 661 399 haec
692 360 742 400 de
776 360 943 401 Christo
983 372 1024 401 et
1067 361 1243 402 ecclesia
1271 361 1480 416 intelliga-

61 454 176 486 mus,
214 451 350 476 sermo
389 434 602 475 videbitur
629 436 738 490 ad¹)
779 437 979 477 ecclesiae
1019 438 1215 479 doctores
1253 439 1396 492 dirigi,
1437 452 1478 481 et

59 511 246 554 mandari
275 510 325 550 iis
366 511 417 551 de
458 511 652 567 captione
690 513 883 568 vulpium
921 515 1286 556 exterminantium
1322 516 1474 558 vineas.

57 590 216 644 Vulpes
245 599 384 628 autem
409 604 630 644 perversos
661 590 858 631 doctores
887 591 1197 633 haereticorum
1228 593 1474 646 dogmatum

54 682 275 722 possumus
305 664 561 718 intelligere,
601 665 673 722 qui
710 683 788 723 per
823 680 1167 721 argumentorum
1198 670 1472 712 calliditatem

53 744 256 785 seducunt
284 742 412 782 corda
447 742 758 795 innocentium,
797 755 838 785 et
866 744 1031 787 vineam
1059 746 1239 787 Domini
1277 747 1471 788 extermi-

52 832 172 871 nant,
214 836 266 860 ne
296 819 446 859 floreat
483 819 526 860 in
565 819 650 860 fide
693 832 819 863 recta.
876 821 1017 862 Datur
1054 839 1153 876 ergo
1191 835 1467 880 praeceptum

52 896 296 939 doctoribus
328 895 566 947 catholicis,
606 908 674 946 ut,
714 898 816 938 dum
853 899 989 939 adhuc
1028 899 1208 955 pusillae
1238 912 1334 942 sunt
1361 903 1464 942 istae

51 976 209 1031 vulpes,
241 985 282 1014 et
310 974 500 1014 nondum
529 973 673 1029 plures
703 973 858 1016 animas
890 976 1161 1033 deceperunt,
1191 978 1265 1017 sed
1294 976 1465 1018 initium

46 1053 170 1092 habet
198 1067 326 1107 prava
355 1049 566 1099 doctrina,
606 1066 776 1102 arguere
807 1051 883 1093 hos
916 1064 957 1093 et
985 1054 1221 1094 refraenare
1250 1053 1462 1106 festinent,

44 1141 87 1170 et
114 1130 244 1169 verbo
272 1127 456 1168 veritatis
487 1127 818 1169 contradicentes
856 1129 1092 1180 revincere,
1132 1141 1173 1171 et
1204 1147 1354 1186 capere
1383 1131 1461 1172 hos

41 1205 336 1248 assertionibus
366 1204 486 1246 veris.
535 1204 581 1247 Si
613 1204 723 1245 enim
752 1207 1058 1262 permanserint
1086 1207 1129 1247 in
1157 1207 1391 1264 principiis,
1418 1219 1459 1249 et

40 1283 307 1332 indulserint,
346 1297 483 1322 sermo
527 1298 674 1322 eorum
715 1281 822 1323 sicut
854 1300 1003 1324 cancer
1029 1283 1183 1340 serpit,
1225 1295 1266 1324 et
1292 1284 1366 1324 fiet
1394 1283 1458 1324 in—

37 1361 248 1403 sanabilis:
278 1371 327 1400 ut
354 1358 479 1399 multi
508 1358 784 1410 inveniantur,
815 1361 887 1416 qui
918 1361 1086 1416 decepti
1110 1362 1160 1400 ab
1179 1360 1242 1410 iis,
1271 1376 1455 1416 pugnare

36 1438 121 1496 jam
150 1454 228 1494 pro
260 1435 359 1491 ipsis
388 1434 613 1490 incipiant,
656 1436 956 1476 etdefendere
985 1436 1169 1492 suscepti
1201 1437 1354 1478 erroris
1383 1454 1454 1479 au-

37 1526 188 1555 ctores.
246 1511 317 1553 Sic
356 1527 453 1563 ergo
491 1511 665 1566 pusillas
704 1512 876 1564 dignum
915 1524 976 1553 est
1014 1513 1163 1568 vulpes
1200 1530 1372 1570 capere,
1413 1525 1454 1555 et

33 1593 186 1633 dolosa
212 1589 522 1630 haereticorum
551 1589 806 1644 sophismata
833 1590 877 1630 in
900 1590 1000 1646 ipsis
1029 1590 1169 1631 statim
1194 1590 1322 1632 initiis
1343 1591 1451 1632 veris

35 1667 331 1710 assertionibus
364 1667 593 1706 confutare.
651 1666 710 1707 Ut
740 1678 879 1707 autem
917 1667 1137 1723 utriusque
1173 1668 1448 1723 expositionis

29 1757 196 1787 nostrae
227 1742 462 1784 evidentior
501 1743 698 1784 clarescat
735 1743 929 1793 assertio,
969 1760 1268 1796 congregemus
1306 1761 1354 1785 ex
1386 1744 1448 1785 di—

29 1823 136 1864 vinis
166 1820 476 1870 voluminibus,
506 1819 641 1861 sicubi
671 1819 860 1861 animalis
889 1818 1010 1876 hujus
1041 1821 1202 1862 mentio
1233 1823 1342 1863 facta
1372 1833 1446 1864 est.

27 1899 266 1941 Invenimus
298 1913 395 1950 ergo
427 1897 471 1937 in
500 1897 755 1950 sexagesimo
792 1898 978 1938 secundo
1008 1898 1173 1954 psalmo
1212 1899 1265 1940 de
1302 1899 1445 1956 impiis

28 1975 84 2017 ita
115 1975 219 2016 dici:
252 1974 416 2030 ‚,ipsi²)
452 1990 550 2015 vero
571 1974 615 2015 in
631 1991 782 2016 vanum
801 1974 1065 2031 quaesierunt
1084 1975 1266 2017 animam
1289 1994 1444 2028 meam,

15 2051 262 2093 introibunt
299 2050 341 2091 in
372 2050 573 2092 inferiora
601 2063 756 2103 terrae,
795 2053 1014 2093 tradentur
1051 2052 1096 2093 in
1124 2070 1271 2095 manus
1299 2055 1441 2107 gladii,

25 2140 162 2185 partes
198 2127 393 2183 vulpium
434 2135 604 2170 erunt.“
662 2130 748 2171 Sed
789 2142 829 2171 et
867 2130 911 2171 in
951 2129 1167 2182 evangelio
1207 2133 1440 2173 secundum

24 2206 284 2247 Matthaeum
312 2205 495 2246 salvator
523 2207 575 2247 ad
611 2207 809 2258 scribam,
848 2207 919 2264 qui
960 2208 1126 2248 dicebat
1156 2207 1216 2249 ei:
1276 2209 1436 2262 „magi-

21 2282 176 2336 ster³)‚
204 2297 351 2336 sequar
378 2294 434 2333 te,
465 2300 715 2340 quocunque
744 2284 899 2325 ieris:“
928 2285 1168 2341 respondit:
1200 2286 1378 2341 „vulpes
1395 2285 1438 2342 ⁴)

21 2359 163 2399 foveas
193 2357 366 2408 habent,
408 2371 448 2400 et
476 2361 669 2403 volucres
708 2361 818 2403 coeli
855 2361 1002 2412 nidos,
1040 2362 1114 2402 ubi
1150 2362 1437 2418 requiescant3

22 2435 133 2476 filius
164 2446 303 2475 autem
320 2435 499 2478 hominis
528 2454 612 2478 non
643 2439 781 2489 habet,
809 2439 884 2479 ubi
911 2450 1036 2495 caput
1064 2456 1185 2480 suum
1216 2440 1435 2482 reclinet.“

21 2512 229 2555 Similiter
258 2523 398 2552 autem
429 2524 470 2553 et
498 2514 541 2556 in
568 2515 799 2570 Evangelio
830 2517 1060 2558 secundum
1075 2518 1232 2558 Lucam
1263 2517 1316 2558 ad
1348 2534 1435 2569 eos,

139 2673 179 2728 ¹)
207 2672 318 2713 Edd.
349 2672 411 2714 M.
441 2673 527 2722 „ad
557 2674 754 2718 doctores
784 2677 986 2719 ecclesiae
1017 2676 1183 2732 dirigi.“

138 2743 181 2798 ²)
211 2742 365 2784 Psalm.
396 2743 558 2794 LXIII,
589 2743 628 2787 9.
660 2745 725 2789 10.
757 2747 934 2804 (LXII.)

137 2813 184 2869 ³)
214 2812 363 2855 Matth.
394 2813 526 2865 VIII,
554 2814 617 2858 19.
740 2817 782 2873 ⁴)
811 2817 961 2859 Matth.
990 2818 1119 2869 VIII,
1147 2816 1214 2860 20.
