1734 3112
248 113 303 158 66
481 113 702 154 Omeems
732 124 776 154 m
809 111 943 153 CAN‘r.
976 110 1159 153 CANTm.
1190 111 1330 152 Lmen
1361 112 1438 154 III.

248 228 289 268 in
320 226 597 268 similitudine
631 227 761 268 carnis
798 226 958 282 peccati
989 226 1041 266 ‹Ie
1071 237 1245 280 peccato
1278 226 1491 266 damnaret
1525 238 1671 279 pecca-
1730 251 1732 254 v

246 318 351 348 turn.
410 306 536 348 Venit
578 321 675 358 ergo
717 305 767 346 ad
814 304 889 346 ista
929 304 1053 354 retia,
1101 304 1173 343 sed
1213 303 1373 344 involvi
1404 303 1444 343 in
1478 302 1526 342 iis
1557 301 1671 343 solus

247 385 337 442 ipse
369 401 456 426 non
484 384 648 440 potuit:
689 383 788 440 quin
820 382 952 423 immo
986 380 1165 437 diruptis
1198 381 1269 431 iis,
1309 393 1349 422 et
1382 380 1571 422 contritis
1602 380 1672 420 dat

248 464 447 505 ecclesiae
490 480 586 504 suae
625 461 845 511 fiduciam,
890 472 935 501 ut
966 461 1117 501 audeat
1157 458 1237 516 jam
1287 476 1441 501 cassare
1484 459 1670 514 laqueos,

247 553 289 583 et
327 540 501 583 transire
552 556 630 596 per
678 539 803 587 retia,
849 550 889 579 et
940 555 1034 578 cum
1085 537 1201 577 ‹›mni
1248 538 1459 579 alacritate
1508 537 1671 578 dicere:

247 620 479 675 „anima¹)
522 629 663 659 nostra
702 616 809 658 sicut
848 631 989 671 passer
1030 627 1173 672 erepta
1215 627 1275 656 est
1317 616 1368 656 de
1409 616 1559 672 laqueo
1604 631 1671 654 ve-

244 698 456 741 nantium:
498 696 670 753 laqueus
713 692 917 735 contritus
957 705 1037 744 est,
1086 706 1126 734 et
1165 710 1241 734 nos
1282 693 1447 735 liberati
1486 697 1672 735 sumus.“

247 776 356 832 Quis
385 786 526 816 autem
558 771 758 814 contrivit
786 772 974 827 laqueos,
1004 770 1085 813 nisi
1114 772 1201 823 ille,
1234 771 1305 828 qui
1326 772 1440 813 solus
1458 771 1499 812 in
1529 771 1579 812 iis
1610 782 1671 812 tc-

243 854 334 898 neri
364 870 451 895 non
480 850 652 909 potuit?
709 848 972 905 Quamvis2)
1006 861 1046 890 et
1076 850 1166 906 ipse
1198 850 1238 891 in
1271 861 1408 891 morte
1439 849 1567 890 suerit
1598 864 1671 889 vo-

246 931 448 981 luntarie,
494 941 535 971 et
580 944 667 970 non
708 939 754 969 ut
791 944 867 968 nos
905 928 1151 969 necessitate
1196 928 1373 985 peccati.
1442 928 1569 970 Solus
1610 938 1671 968 est

246 1010 379 1061 enim,
429 1007 501 1065 qui
541 1006 622 1049 fuit
660 1006 769 1048 inter
798 1017 989 1047 mortuos
1035 1006 1154 1049 liber.
1214 1007 1268 1048 Et
1298 1006 1397 1063 quia
1426 1005 1533 1047 liber
1563 1007 1672 1048 inter

243 1099 436 1130 mortuos
475 1085 578 1136 fuit,
622 1084 782 1126 idcirco
816 1083 983 1125 devicto
1021 1100 1095 1135 eo,
1139 1084 1210 1141 qui
1240 1084 1386 1125 habuit
1414 1083 1564 1125 mortis
1594 1082 1672 1123 im-

243 1166 440 1223 perium„
469 1162 669 1205 abstraxit
709 1161 1016 1218 captivitatem,
1069 1178 1173 1219 quae
1212 1164 1434 1204 tenebatur
1474 1161 1516 1202 in
1556 1177 1671 1202 mor—

242 1245 398 1300 tem3).
458 1240 514 1282 Et
541 1257 629 1281 non
659 1240 800 1282 solum
846 1252 979 1281 semet
1018 1240 1157 1296 ipsum
1197 1240 1457 1282 resuscitavit
1495 1257 1518 1281 a
1556 1255 1672 1281 mor-

240 1322 346 1372 tuis,
387 1320 461 1361 sed
493 1329 534 1359 et
565 1334 658 1369 eos,
701 1317 774 1374 qui
804 1319 1055 1359 tenebantur
1092 1318 1136 1359 in
1166 1330 1322 1370 morte,
1363 1318 1488 1359 simul
1520 1317 1670 1359 excita-

241 1399 301 1440 vit
317 1398 374 1455 ⁴),
403 1396 617 1452 simulque
646 1397 792 1437 sedere
823 1396 867 1436 in
898 1395 1151 1437 coelestibus
1180 1395 1294 1437 fecit.
1340 1396 1610 1438 Adscendens
1629 1397 1670 1452 ⁵)

243 1476 356 1519 enim
385 1476 430 1516 in
459 1475 613 1524 altum,
661 1473 869 1530 captivam
904 1473 1021 1514 duxit
1061 1473 1370 1529 captivitatem,
1412 1491 1499 1515 non
1529 1475 1670 1516 solum

241 1555 397 1596 animas
428 1553 623 1602 educens,
653 1551 727 1592 sed
759 1551 857 1607 et5)
890 1566 1071 1607 corpora
1102 1567 1251 1591 eorum
1269 1550 1532 1603 resuscitans,
1561 1552 1668 1593 sicut

238 1644 416 1674 testatur
446 1629 708 1683 evangelium
726 1629 784 1683 ⁷),
815 1629 930 1685 quod
962 1628 1095 1669 multa
1126 1645 1307 1686 corpora
1335 1641 1578 1672 sanctorum
1604 1647 1668 1672 :re-

240 1708 434 1751 suscitata
472 1718 589 1757 sunt,
635 1719 676 1747 et
715 1717 1003 1763 apparuerunt
1041 1706 1207 1757 multis,
1255 1719 1296 1748 et
1332 1707 1587 1750 introierunt
1623 1709 1666 1751 in

239 1797 425 1828 sanctam
464 1784 677 1826 civitatem
707 1781 792 1824 Dei
834 1783 1011 1825 viventis
1052 1784 1331 1827 Hierusalem.
1391 1786 1506 1828 Haec
1543 1788 1667 1829 nobis

241 1863 449 1921 expositio
499 1862 551 1903 de
582 1860 749 1914 fretibus
789 1861 976 1901 secundo
1016 1860 1058 1900 in
1099 1862 1197 1903 loco
1236 1875 1416 1905 assumta
1460 1877 1532 1907 est.
1602 1865 1668 1908 Sit

237 1958 334 1984 sane
365 1939 540 1994 legentis
570 1937 792 1996 iudicium,
823 1954 929 1994 quae
962 1953 1106 1980 earum
1124 1940 1310 1997 mysticis
1341 1941 1504 1996 dignius
1534 1944 1667 1999 aptari

236 2019 372 2078 possit
401 2016 596 2075 eloquiis.

355 2237 400 2302 Ι).
426 2235 582 2278 Psalm.
615 2236 810 2288 CXXIV,
841 2235 880 2282 7.
917 2260 967 2267 -
1009 2235 1176 2277 Desunt
1207 2237 1354 2278 verba:
1403 2237 1543 2290 „sicut
1572 2256 1665 2297 pas—

236 2299 358 2346 ser,“
388 2309 432 2334 m
462 2293 559 2334 edd.
589 2291 654 2335 M.

349 2364 392 2420 ²)
423 2363 530 2404 Edd.
562 2362 626 2405 M.
658 2362 899 2418 „Quamvis
931 2362 1020 2419 ipse
1052 2374 1094 2404 et
1122 2362 1204 2405 in“
1236 2376 1313 2406 etc.

347 2433 392 2490 3)
421 2433 531 2474 Edd.
562 2433 625 2474 M.
657 2440 875 2485 „morte.“
993 2433 1037 2490 ⁴)
1069 2433 1156 2476 Cfr.
1188 2435 1343 2492 Ephes.
1375 2434 1439 2485 II,
1469 2433 1508 2476 5.
1539 2436 1577 2476 b'.

347 2503 389 2559 ⁶)
422 2501 510 2544 Cfr.
539 2501 697 2558 Ephes.
728 2504 803 2554 IV,
833 2503 872 2547 8.
904 2504 1005 2548 coll.
1037 2503 1191 2547 Psalm.
1223 2504 1430 2555 LXVIII,
1460 2503 1524 2548 18.

344 2572 390 2629 ⁶)
420 2572 554 2613 Deest
584 2580 700 2624 „et“
731 2573 776 2614 in
807 2574 902 2615 edd.
935 2574 995 2615 M.

345 2641 388 2699 ⁷)
422 2641 509 2690 Cfr,
542 2641 693 2685 Matth.
725 2641 918 2695 XXVII,
947 2644 1014 2689 52.
1039 2645 1108 2691 53.
