1734 3112
221 99 278 143 92
542 99 703 141 Sssnnzs
740 99 942 142 Panem).
982 98 1325 142 Excznpronum

221 215 314 260 τοῖς
343 208 657 268 ἀντικειμένοις
687 213 736 272 τῇ
761 215 947 270 θεωρίᾳ,
981 209 1202 269 δόρκωνι·
1235 213 1285 256 ἓν
1317 211 1367 256 δὲ
1398 217 1490 262 τοῖς
1521 230 1643 272 πριι-

221 291 499 347 κτικωτέροις
526 290 603 331 καὶ
634 293 965 347 καθαιρετικοῖς
1002 290 1094 332 τῶν
1133 288 1458 344 ἀντικειμένων
1498 288 1644 335 δυνά-

219 382 359 424 μεων,
395 363 582 423 ἐλάφων
611 369 771 425 νεβρῷ.
848 363 909 409 Τὸ
949 365 1023 408 δέ·
1067 361 1189 420 ,,ἢῑ)
1230 368 1447 426 νεβρῷ·“
1486 385 1641 425 παρα-

219 441 537 494 διαζευκτικόν.
578 441 626 486 Ὁ
657 443 707 486 δὲ
741 443 997 486 Θεοὸοτίων
1027 436 1176 486 εἶπεν·
1210 443 1322 498 ,,ἒπὶ
1352 442 1406 487 τὰ
1439 440 1518 502 ὅρη
1549 451 1639 488 θυ-

181 550 183 552 -
216 518 513 579 μιαμάτωνέ(
575 519 721 565 Οὐδὲν
750 511 908 575 ἧττον·
949 520 1060 574 ,,καὶ
1104 515 1507 581 (Ξπόστρεψον2)“
1547 521 1638 566 ἀπὸ

217 600 307 643 τῶν
330 597 578 643 Ἰουδαίων.

684 906 956 967 Κεφάλαιον
992 912 1158 966 τρίτον.

325 1021 519 1078 ,,Ἐπὶ3)
550 1020 630 1077 τὴν
659 1028 815 1077 κοίτην
842 1039 936 1079 μου
968 1022 1019 1066 ἒν
1048 1023 1223 1071 νυξίν.“
1281 1024 1398 1077 Περὶ
1426 1025 1517 1066 τῶν
1545 1023 1635 1078 πρὸ

210 1102 289 1144 τοῦ
320 1096 476 1156 γάμου
505 1105 766 1159 μυστηρίων
796 1098 952 1154 εἰπών,
986 1102 1075 1143 νῦν,
1102 1097 1242 1143 αὑτὸν
1261 1098 1337 1142 διὰ
1362 1098 1522 1150 νυκτὸς
1552 1101 1631 1144 ἐπὶ

210 1175 292 1232 τὴν
322 1181 477 1231 κοίτην
506 1180 658 1233 καλεῖ,
702 1180 795 1221 τῶν
833 1177 1211 1236 ιῖποῤῥητοτέρων
1252 1177 1424 1221 ἐθέλων
1465 1193 1634 1221 κοινω-

208 1259 319 1310 νεῖν,
352 1256 429 1297 καὶ
457 1255 532 1307 τῆς
561 1258 832 1310 τελειοτέρας
848 1259 1093 1313 μετασχεῖν
1122 1251 1436 1303 ἀναπαύσεως.
1487 1258 1633 1299 Τοῦτο

207 1331 296 1390 γὰρ
326 1329 352 1386 ἡ
385 1335 525 1385 κοίτη.
579 1330 641 1374 Τὸ
673 1333 747 1375 δέ·
778 1333 864 1386 ,,ε’ν
879 1332 921 1388 4)
949 1333 1140 1374 νυκτί·“
1174 1333 1223 1375 ἐν
1252 1329 1441 1388 ἡσυχίας
1471 1336 1630 1389 καιρῷ,

208 1412 285 1453 καὶ
313 1405 470 1468 πόῤῥω
511 1409 589 1461 τῆς
620 1403 769 1463 ὅψεως
798 1410 890 1451 τῶν
917 1406 982 1466 μὴ
1014 1406 1068 1451 τοὶ
1100 1411 1285 1452 τοιαῦτα
1314 1415 1508 1467 θεωρεῖν
1543 1412 1629 1454 δυ-

207 1490 434 1543 ναμένων.
492 1488 581 1529 Δεῖ
608 1486 658 1528 δὲ
689 1484 845 1545 ἀγάπῃ
879 1482 962 1540 τὴν
991 1482 1149 1541 ψυχὴν
1179 1489 1521 1542 προτετρῶσθαι
1548 1490 1628 1531 τοῦ

205 1565 283 1610 ἐπὶ
311 1564 394 1619 τὴν
422 1567 578 1617 κοίτην
608 1566 842 1618 ζητοῦντος
871 1560 925 1605 τὰ
954 1565 1034 1606 τοῦ
1063 1568 1194 1606 θείου
1212 1563 1353 1619 λόγου
1382 1561 1630 1623 βαθύτερα.

202 1645 448 1698 Περιμένει
488 1641 538 1684 δὲ
574 1643 649 1694 τῆς
689 1639 925 1695 ποθούσης
961 1637 1214 1684 ἀνάστασιν
1254 1637 1276 1685 ὁ
1319 1637 1626 1697 ποθούμενος,

206 1718 266 1769 ὠς
296 1716 355 1762 ἂν
384 1719 608 1766 ἐπιτείνας
637 1715 718 1760 τὸν
747 1718 905 1773 ἔρωτα,
937 1716 1050 1761 κατεῖ
1085 1715 1247 1774 καιρὸν
1278 1715 1440 1761 ἑαυτὸν
1469 1719 1628 1776 ἔμφα-

204 1801 341 1842 νίσειε
371 1798 422 1849 τῆ
452 1791 662 1853 καμούσῃ
691 1797 879 1837 πλεῖστα
909 1796 1014 1854 περὶ
1044 1793 1126 1849 τὴν
1149 1793 1328 1851 ζήτησιν
1356 1794 1439 1851 τὴν
1469 1795 1645 1841 αὐτοῦ.’

202 1876 418 1919 Εῐποῦσα
447 1869 552 1931 γὰρ,
572 1868 655 1914 ,ὅτι
685 1871 853 1926 ,,ἕπὶ5)
893 1876 1049 1926 κοίτην
1076 1888 1169 1928 μου
1203 1873 1252 1916 ἐν
1282 1875 1411 1923 νυξὶν
1441 1871 1627 1929 ἐζήτησα

203 1948 260 1997 ὃν
288 1949 527 2009 ἠγάπησεν
564 1946 590 2003 ἡ
631 1945 757 2005 ψυχή
800 1949 962 2004 μου·“
1008 1952 1086 1991 καὶ
1125 1947 1192 1992 ὅτι
1230 1947 1449 2004 »ἐζήτησα
1465 1952 1506 2007 ⁶)
1538 1951 1625 1995 αὐ-

199 2017 295 2085 τὸν,
326 2031 403 2072 καὶ
433 2027 517 2084 οὐχ
548 2017 751 2081 εὗρον·“
783 2022 969 2083 ἐπάγει·
1001 2023 1415 2085 ,,ἆναστήσομαι7)
1458 2026 1514 2083 δὴ
1545 2031 1624 2072 καὶ

199 2103 467 2152 κυκλώσω.“
517 2103 696 2148 Οὐκοῦν
721 2101 985 2160 ὑπτιασμόν
1002 2106 1080 2146 καὶ
1107 2101 1188 2159 τὴν
1212 2101 1471 2161 κατάμυσιν
1501 2103 1624 2150 ἀπο-

198 2188 403 2242 θέμενοι,
429 2183 747 2237 διαναστῶμεν
768 2178 1040 2239 πειθόμενοι
1059 2184 1119 2237 τῷ
1146 2184 1350 2238 λέγοντι·
1381 2182 1561 2242 »ἔγειρε
1576 2183 1619 2240 ⁸)

199 2261 255 2319 δὴ
287 2261 310 2306 ὁ
342 2257 634 2305 καθεύδων.“
690 2255 820 2307 Ὃλος
859 2259 909 2302 δὲ
941 2257 964 2301 ὁ
996 2256 1188 2315 κόσμος,
1220 2257 1246 2313 ἡ
1278 2255 1423 2314 πόλις,
1458 2255 1511 2303 ὃν
1542 2261 1621 2304 ἔκ-

197 2342 457 2397 περιελθεῖν
503 2338 577 2381 δεῖ
610 2338 660 2396 τῇ
699 2338 802 2395 περὶ
841 2336 979 2379 αὐτοῦ
1025 2340 1223 2394 θεωρίᾳ,
1271 2333 1527 2393 γενόμενον
1569 2339 1619 2382 ἓν

173 2422 293 2466 ’ταῖς
324 2420 491 2472 σοφαῖς
521 2415 857 2463 διδασκαλίαις·
891 2438 942 2445 -
976 2404 1108 2456 αὗται
1136 2411 1227 2471 γὰρ
1258 2416 1307 2456 αἱ
1334 2412 1529 2474 α’γοραί·
1563 2440 1614 2447 -

312 2640 354 2693 ¹)
387 2637 545 2681 Cantic.
576 2637 632 2679 Π.
663 2636 729 2680 17.
849 2636 891 2691 ²)
920 2636 1001 2677 Ed.
1031 2637 1187 2679 Ruaei:
1218 2634 1500 2694 ἇπότρεψον.

307 2711 350 2766 ³)
383 2709 541 2752 Cantic.
572 2708 652 2758 III,
683 2707 720 2751 1.
839 2706 881 2763 4)
915 2707 1001 2749 Cfr.
1035 2707 1194 2748 Cantic.
1225 2708 1304 2757 III,
1337 2705 1374 2749 1.

312 2782 355 2838 ⁵)
386 2778 545 2823 Cantic.
574 2776 652 2828 ΠΙ,
682 2777 721 2823 1.
839 2777 881 2834 6)
914 2777 1073 2820 Cantic.
1104 2779 1183 2823 III.
1215 2777 1252 2821 1.

313 2852 353 2907 ⁷)
384 2850 543 2894 Cantic.
573 2850 652 2900 Ill,
682 2848 720 2893 2.
840 2849 884 2905 ⁹)
915 2848 1067 2905 Ephes.
1099 2848 1150 2899 V,
1181 2846 1247 2891 14.
