1734 3112
208 84 266 128 94
530 85 691 126 SEmEs
720 84 920 127 PROCOP.
954 83 1297 128 Excnmonnm

209 199 398 248 πολλοῖς
422 194 753 256 ἁμαρτήματα,
785 195 939 256 ὥσπερ
965 197 1012 246 ἐξ
1030 197 1068 253 ¹)
1100 194 1272 256 ἐρήμου
1305 199 1483 255 λέγεται
1512 198 1634 243 ἅνα-

209 279 401 331 βαίνειν.
467 273 531 319 Τὸ
565 275 617 319 δὲ
646 272 727 320 τὸν
762 275 943 319 δίκαιον
980 269 1159 330 εἶναιῖ)
1200 277 1404 331 Χριστοῦ
1433 275 1632 320 εὐωδίαν

211 354 262 398 ἐν
288 354 430 397 παντὶ
459 349 585 409 τόπῳ
626 357 719 402 τοῖς
756 354 1048 410 σωζομένοις,
1091 355 1403 410 τεθυμιαμένη
1445 359 1629 398 νοεῖται.

209 433 546 490 Παραπλησίως
573 428 664 487 γὰρ
694 431 848 487 ἔχουσι
881 427 1063 473 καπνὸν
1099 426 1218 484 ἡδὺν
1259 429 1648 488 ἀναπέμπουσιν,·

210 507 520 568 εὐφραίνοντα
550 505 629 557 τὰς
656 510 746 551 τῶν
774 503 1119 564 μακαριζόντων
1152 505 1405 559 ἀναπνοοῖς.

652 853 925 915 Κεφάλαιον
954 859 1182 914 τέταρτον.

325 970 551 1028 ,ξἈπασαι
572 971 615 1027 3)
648 967 1030 1026 διδυμεύουσιιι.“
1082 968 1173 1012 Διὰ
1190 967 1241 1013 τὸ
1260 968 1414 1014 διττὸν
1431 972 1505 1027 τῆς
1527 969 1639 1026 νοή-

212 1066 326 1101 σεως
354 1053 430 1105 τῆς
460 1065 505 1093 τε
536 1050 667 1107 ῥητῆς
697 1049 775 1090 καὶ
804 1049 880 1101 τῆς
908 1049 1233 1103 πνευματικῆς.

325 1126 432 1184 ,,Ὡς
447 1127 490 1184 4)
540 1128 765 1185 σπαρτίον
820 1121 1036 1168 κόκκινον
1078 1126 1209 1181 χείλη
1261 1124 1397 1167 nov-‘⁶
1459 1119 1641 1182 ’'Hyovv

212 1207 324 1251 ἔστω
356 1203 431 1249 διὰ
462 1202 603 1262 πυρὸς
635 1201 662 1258 ἡ
702 1204 782 1246 τοῦ
823 1199 965 1259 λόγου
1002 1200 1291 1260 παρασκευὴ,
1335 1200 1394 1251 ὠς
1422 1202 1640 1260 κερδῆσαι

210 1282 292 1328 τὸν
322 1278 550 1340 ἀκροατὴν
579 1282 827 1337 δυναμένη.
878 1276 948 1322 ”H
973 1280 1051 1322 καὶ
1082 1276 1131 1322 τὸ
1171 1279 1365 1335 ἔναιμον
1405 1281 1482 1322 καὶ
1511 1283 1641 1331 ζωτι-

212 1358 297 1405 κόν
313 1360 447 1415 δηλοῖ
465 1360 557 1402 τῶν
581 1355 658 1401 διὰ
674 1359 755 1401 τοῦ
780 1358 961 1413 χείλους
990 1353 1204 1405 ἐξιόντων
1234 1353 1466 1417 ῥημάτων,
1499 1359 1643 1403 οἱονεὶ

211 1438 517 1495 βαπτομένων
545 1435 596 1479 ἓν
621 1436 672 1494 τῇ
701 1433 893 1493 ἀληθινῇ
923 1430 1057 1477 πόσει
1091 1436 1170 1477 τοῦ
1208 1436 1397 1490 αἵματος
1421 1438 1642 1494 Χριστοῦ.

327 1510 568 1570 ,,Ἐκτός5)
614 1513 690 1566 τῆς
735 1507 997 1566 σιωπήσεώς
1035 1510 1170 1554 σου.“
1248 1515 1536 1571 Προστίθησι
1577 1515 1640 1570 τῷ

211 1594 289 1648 τῆς
317 1586 619 1650 σωφροσύνης
657 1588 831 1645 ἐπαίνῳ
867 1587 950 1632 τὸν
984 1586 1082 1632 (ἐπὸ
1111 1589 1187 1643 τῆς
1221 1592 1416 1645 σιωπῆς,
1450 1590 1642 1634 ἐπιστα-

212 1673 351 1727 μένης
378 1669 455 1723 τῆς
483 1664 667 1723 νύμφης
695 1663 881 1724 καιροὺς
909 1666 1067 1714 λαλιᾶς
1095 1663 1264 1724 ὡραίας
1301 1669 1378 1710 καὶ
1420 1668 1642 1712 ἐπαινου-

212 1750 352 1804 μένης
381 1746 528 1802 σιγῆς.
588 1744 682 1786 Καὶ
711 1743 813 1787 ἐπεὶ
842 1741 1094 1799 „modu-⁶)
1124 1746 1245 1803 πνοῇ
1268 1742 1456 1802 κρύπτει
1484 1743 1644 1803 πράγ-

212 1823 396 1882 ματα,“
437 1822 515 1864 καὶ
552 1817 579 1875 ἡ
616 1816 778 1878 νύμφη
819 1819 871 1863 ἓν
899 1821 960 1876 τῷ
989 1818 1126 1875 βάθει
1157 1819 1344 1879 κρύπτει
1373 1819 1430 1865 τοὶ
1462 1821 1645 1881 θεωρή-
1695 1844 1703 1853 -

212 1918 352 1960 ματα,
382 1897 486 1948 τοὺς
517 1900 658 1942 οἱονεὶ
687 1896 882 1946 κόκκους
917 1898 993 1951 τῆς
1029 1894 1139 1955 ῥόας
1156 1897 1223 1954 7)·
1266 1897 1459 1943 ἕκαστον
1497 1900 1550 1944 ἒν
1577 1901 1640 1957 τῷ

211 1980 317 2035 ἰδίῳ
354 1975 553 2034 τάγματι
601 1976 1098 2032 σεσωματοποιημένον
1147 1974 1198 2018 ἒν
1241 1977 1305 2032 τῷ
1347 1973 1641 2033 ἡγεμονικῷ·

213 2054 287 2101 διὸ
319 2052 574 2112 ἐπήγαγεν·
617 2050 834 2109 ,,ἒκτός8)
871 2054 947 2107 τῆς
992 2048 1257 2109 σιωπήσεώς
1293 2053 1449 2096 σου·“
1488 2053 1642 2107 δηλῶν

212 2132 269 2179 τοὶ
302 2130 580 2189 σιωπώμενα
610 2128 846 2189 δόγματα,
891 2127 950 2179 ὠς
987 2127 1181 2180 κόκκους
1220 2127 1329 2190 ῥόας
1358 2127 1450 2174 ὑπὸ
1480 2128 1531 2176 τὸ
1563 2132 1641 2175 λέ-

212 2228 364 2273 πυρον
393 2209 544 2265 αὐτῆς.

327 2287 406 2345 ,,Ὁ
423 2288 466 2345 ⁹)
500 2285 853 2344 ᾠκοδομημένος
883 2287 946 2333 εἷς
988 2282 1261 2329 Θαλπιώθ.“
1319 2282 1537 2340 ,,Ἀκύλας
1564 2281 1639 2328 τό·

213 2362 532 2424 ,,θαλπιώθ’“
568 2359 850 2418 ,,ἒποῖλξεις“
889 2362 1162 2407 ἐκδέδωκεν
1206 2361 1229 2406 ὁ
1270 2363 1321 2406 δὲ
1356 2360 1637 2422 Σύμμαχος·

332 2548 374 2604 ¹)
407 2546 493 2588 Cfr.
527 2543 690 2586 Cantic.
719 2543 800 2594 III,
829 2543 869 2587 6.
988 2545 1033 2599 2)
1067 2544 1154 2586 Cfr.
1191 2545 1246 2586 lI.
1279 2544 1379 2587 Cor.
1410 2546 1468 2596 II,
1500 2544 1567 2589 15.

331 2617 376 2674 3)
408 2616 494 2658 Cfr.
528 2613 685 2656 Cantic.
717 2614 790 2664 IV,
819 2614 860 2658 2.
981 2613 1024 2671 ⁴²)
1057 2614 1215 2656 Cantic.
1245 2615 1318 2666 IV,
1348 2614 1388 2659 3.

334 2687 377 2743 5)
409 2685 567 2728 Cantic.
599 2685 673 2734 IV,
702 2682 742 2727 3.
861 2684 904 2740 ⁶)
934 2684 1060 2726 Prov.
1091 2686 1168 2737 XI,
1200 2685 1266 2730 12.

333 2757 376 2813 ⁷)
406 2756 485 2797 Ed.
515 2756 566 2797 R.
599 2765 856 2796 constanter:
887 2756 1009 2815 ῥοᾶς.

332 2827 376 2883 ⁸)
408 2825 566 2869 Cantic.
597 2826 670 2875 IV,
703 2824 741 2869 3.
862 2824 904 2880 9)
937 2825 1095 2868 Cantic.
1128 2827 1202 2876 IV,
1232 2826 1269 2868 4.
