1734 3112
244 141 297 186 12
524 144 743 187 Ome-rurs
775 156 819 186 m
853 142 1033 186 CAunc.
1067 142 1371 186 CANrmoimM

244 257 541 315 ,‚quoniam¹)
580 256 671 314 quis
716 256 757 298 in
796 257 978 298 nubibus
1018 256 1265 313 aequabitur
1303 254 1527 297 Domino?
1583 258 1669 300 Aut

245 336 336 393 quis
365 335 662 378 assimilabitur
692 334 730 375 ei
761 334 871 375 inter
900 333 1013 375 filios
1043 331 1192 375 Dei?⁴‘
1252 333 1372 375 Sicut
1403 348 1501 386 ergo
1544 334 1669 376 arbor

243 412 343 455 meli
375 412 540 469 inter2)
571 412 760 468 reliquos
791 412 928 463 filios,
962 411 1116 452 habeus
1148 411 1355 461 fructum,
1386 410 1458 467 qui
1487 426 1574 452 non
1604 428 1671 454 so-

243 492 332 532 lum
362 506 511 547 sapore
543 507 710 541 omnes,
751 491 824 531 sed
857 502 898 532 et
929 490 1062 530 odore
1093 489 1345 545 praecellat,
1377 500 1418 530 et
1449 489 1555 530 duos
1585 489 1673 531 ani-

242 585 335 611 mae.
365 585 529 619 sensus,
568 569 612 610 id
644 580 728 618 est,
768 579 934 621 gustum
967 578 1007 608 et
1039 568 1266 609 odoratum
1303 566 1534 624 reficiat3).
1593 567 1672 608 Di-

244 646 371 689 versis
400 663 582 703 namque
616 646 750 703 copiis
781 662 968 687 mensam
998 644 1173 701 suam⁴)
1205 643 1329 685 nobis
1359 657 1580 702 praeparat
1610 661 1672 688 sa-

243 724 414 782 pientia.
470 725 519 765 In
552 741 631 781 qua
661 739 748 766 non
778 724 918 765 solum
947 739 1101 780 panem
1131 722 1240 764 vitae
1271 722 1461 778 apponit,
1490 725 1565 765 sed
1593 723 1672 765 im-

245 804 378 844 molat
409 818 550 843 carnes
582 801 724 843 verbi:
767 813 807 843 et
846 818 933 843 non
976 801 1116 843 solum
1145 799 1295 841 miscet
1326 799 1370 840 in
1403 812 1561 842 cratere
1593 818 1669 842 suo
1719 821 1734 826 -

244 881 402 930 vinum,
433 881 507 921 sed
539 891 580 921 et
606 880 773 936 meh-2⁵)
806 880 982 921 odorata
1011 879 1108 920 satis
1127 878 1300 920 adhibet
1318 889 1359 919 et
1382 878 1533 930 dulcia,
1566 895 1670 936 quae

243 975 330 1000 non
344 958 387 1013 6)
416 969 580 999 tantum
611 958 653 999 in
684 974 757 1000 ore
790 969 831 999 et
862 957 984 999 labiis
1013 957 1261 999 suavitatem
1290 957 1489 1007 reddant,
1526 957 1601 998 sed
1631 969 1672 998 et

244 1035 515 1078 interioribus
545 1035 698 1078 tradita
729 1034 943 1086 faucibus,
981 1034 1252 1080 dulcedinem
1283 1046 1460 1078 servent.
1517 1035 1673 1077 Possu-

242 1132 334 1157 mus
366 1126 507 1156 autem
538 1113 649 1167 ligna
680 1114 819 1172 sylvae
852 1114 1044 1170 accipere
1088 1129 1159 1154 eos
1190 1113 1382 1166 angelos,
1423 1114 1494 1170 qui
1533 1113 1675 1155 unius-

244 1193 445 1252 cujusque
484 1193 704 1234 haereseos
747 1204 938 1234 auctores
978 1193 1249 1248 fautoresque
1287 1191 1365 1232 visi
1416 1203 1512 1233 sunt
1551 1192 1671 1234 exsti-

244 1270 351 1313 tisse.
412 1271 476 1312 Ita
508 1282 554 1311 ut
586 1269 779 1311 videatur
809 1270 1008 1322 ecclesia,
1041 1286 1288 1327 comparans
1319 1269 1566 1311 suavitatem
1597 1271 1674 1312 do-

245 1348 398 1389 ctrinae
442 1345 597 1389 Christi
645 1349 696 1388 ad
744 1347 1012 1404 asperitatem
1060 1348 1371 1391 haereticorum
1413 1349 1671 1401 dogmatum,

243 1443 290 1467 ac
322 1425 509 1467 sterilem
540 1425 934 1482 infructuosamque
965 1426 1215 1477 doctrinam,
1247 1426 1409 1467 dicere:
1439 1427 1550 1468 mela
1581 1426 1673 1483 qui-

243 1505 341 1546 dem
372 1502 513 1545 suavia
545 1514 586 1544 et
616 1503 756 1544 dulcia
787 1520 874 1545 esse
915 1505 1109 1557 dogmata
1147 1504 1449 1555 ecclesiastica,
1493 1521 1598 1561 quae
1630 1504 1671 1546 in

245 1582 399 1625 Christi
442 1581 620 1623 ecclesia
656 1582 974 1638 praedicantur:
1021 1583 1132 1636 ligna
1173 1599 1275 1624 vero
1316 1582 1454 1640 sylvae
1494 1599 1580 1626 esse
1612 1601 1673 1635 ea,

242 1677 348 1718 quae
390 1677 414 1701 a
458 1659 632 1701 diversis
673 1661 893 1703 haereticis
934 1661 1208 1703 affirmantur.
1268 1660 1324 1701 Et
1354 1662 1406 1701 de
1439 1660 1526 1703 istis
1557 1662 1675 1704 vide-

240 1738 356 1780 bitur
394 1738 665 1780 infructuosis
715 1738 837 1792 lignis
875 1740 1014 1797 sylvae
1060 1738 1167 1788 dici,
1214 1739 1329 1795 quod
1368 1738 1409 1779 in
1448 1741 1672 1794 evangeliis

241 1817 445 1874 scriptum
487 1827 573 1858 est:
626 1817 841 1872 ,‚ecce⁷)‚
880 1815 964 1873 jam
1003 1815 1159 1858 securis
1198 1817 1250 1857 ad
1293 1816 1479 1860 radicem
1510 1819 1673 1860 arboris

241 1895 379 1953 posita
421 1906 494 1936 est.
557 1893 707 1936 Omnis
749 1911 847 1948 ergo
888 1896 1034 1946 arbor,
1076 1910 1181 1951 quae
1221 1911 1305 1935 non
1347 1895 1449 1936 facit
1487 1897 1673 1939 fructum

241 1977 416 2025 bonum,
449 1969 675 2022 excidetur,
709 1984 750 2013 et
780 1973 823 2013 in
854 1973 993 2026 ignem
1022 1975 1256 2015 mittetur.“
1314 1973 1540 2017 Fraternus
1572 1992 1671 2030 ergo

242 2069 419 2111 sponsae
458 2063 539 2102 est,
587 2063 634 2092 ut
675 2052 801 2093 arbor
838 2052 941 2093 meli
981 2052 1023 2093 in
1039 2052 1082 2109 8)
1116 2052 1291 2094 ecclesia
1328 2052 1495 2108 sponsi:
1542 2055 1672 2096 ceteri
1733 2084 1734 2110 ;

241 2148 342 2173 vero
373 2129 705 2180 haeresiarchae,
744 2142 945 2188 tanquam
984 2131 1245 2173 infructuosa
1284 2131 1395 2184 ligna
1437 2131 1577 2189 sylvae
1608 2132 1672 2174 di·
1728 2156 1729 2159 =

240 2210 339 2251 vino
370 2208 530 2267 judicio
560 2209 666 2264 ut9)
697 2208 835 2250 securi
866 2208 1110 2260 excidendi,
1148 2220 1189 2250 et
1219 2208 1263 2250 in
1291 2208 1431 2263 ignem
1457 2196 1671 2254 mittenti}
1728 2207 1729 2211 ¹

362 2351 402 2408 ¹)
431 2350 586 2393 Psalm.
618 2350 857 2400 LXXXIX,
888 2350 927 2394 6.
972 2364 975 2366 ·

359 2422 401 2477 ²)
431 2422 540 2463 Edd.
573 2421 633 2463 M.
667 2421 920 2462 accuratius:
967 2422 1115 2472 „inter
1151 2422 1316 2480 reliqua
1354 2423 1465 2477 ligna
1496 2424 1668 2483 sylvae:

241 2480 300 2521 sic
331 2491 393 2521 est
422 2494 600 2535 sponsus
632 2478 742 2519 inter
771 2478 959 2534 reliquos
989 2479 1139 2520 filios“
1171 2491 1248 2521 etc.
1494 2478 1502 2481 ’

358 2550 402 2606 ³)
432 2550 545 2590 Edd.
574 2549 636 2591 M.
668 2581 692 2600 ‚‚
711 2548 879 2591 afficiat.
893 2554 917 2573 “

359 2620 402 2677 4)
432 2621 567 2662 Deest
595 2625 786 2671 „suam“
822 2619 866 2660 in
897 2620 991 2662 edd.
1023 2620 1085 2662 Μ.

360 2691 403 2749 ⁵)
433 2690 542 2733 Edd.
574 2690 636 2732 M.
667 2690 882 2742 ‚,mella.“

360 2761 403 2818 6)
434 2761 544 2803 Edd.
573 2761 636 2803 Μ.
667 2778 790 2811 „non
818 2761 862 2803 in
894 2778 966 2803 ore
997 2762 1137 2805 solum
1169 2775 1210 2805 et
1244 2764 1401 2806 labiis“
1431 2776 1511 2806 etc.

361 2833 402 2889 7)
434 2833 585 2875 Matth.
618 2832 698 2883 III,
729 2832 795 2876 10.
915 2833 958 2888 ³)
989 2833 1122 2875 Deest
1153 2834 1266 2885 ‚,in“
1296 2835 1338 2877 in
1371 2836 1435 2876 ed.
1465 2836 1517 2877 R.

356 2903 401 2959 P)
433 2903 542 2945 Edd.
559 2904 620 2946 M.
639 2914 709 2954 „et
723 2903 858 2945 securi
877 2903 1127 2946 excidenda:
1146 2916 1188 2947 et
1203 2904 1247 2947 in
1262 2904 1400 2958 ignem
1416 2905 1666 2949 mittenda.“
1718 2907 1719 2912 ¹
