1763 3112
637 57 838 101 HOMIMA
868 60 986 101 XXI.
1437 61 1522 105 407

87 171 354 229 plenitudine
384 181 540 221 sumta,
584 170 848 212 cecinerunt:
896 182 934 212 et
965 171 1126 213 idcirco
1158 188 1272 213 sacra
1301 174 1518 216 volumina

86 250 256 307 spiritus
285 248 595 305 plenitudinem
614 250 654 305 ¹)
685 248 867 305 spirant,
905 247 1096 305 nihilque
1135 261 1196 291 est
1225 250 1312 291 sive
1343 250 1385 291 in
1415 269 1515 308 pro-

84 328 249 385 phetia,
281 326 369 367 sive
399 326 441 367 in
474 326 589 379 lege,
621 325 710 366 sive
742 325 785 366 in
818 326 1059 379 evangelio,
1090 327 1177 368 sive
1210 327 1253 368 in
1285 329 1511 383 Apostolo‚

84 406 200 462 quod
244 420 330 445 non
379 420 402 445 a
442 403 708 458 plenitudine
772 402 937 445 divinae
990 404 1217 463 majestatis
1271 405 1508 446 descendat.

85 482 375 537 Quamobrem
413 481 574 537 spirant
610 481 653 522 in
693 479 909 536 scripturis
947 482 1098 523 sanctis
1129 482 1344 538 hodieque
1374 483 1511 538 pleni-

80 558 235 601 tudinis
266 559 404 600 verba.
467 558 640 614 Spirant
681 569 822 600 autem
860 559 946 610 his,
986 559 1056 616 qui
1096 560 1251 601 habent
1289 571 1331 600 et
1361 560 1510 600 oculos

79 638 132 678 ad
164 636 343 678 videnda
374 636 595 687 coelestia,
630 647 672 677 et
703 652 821 678 aures
853 638 905 678 ad
935 637 1142 679 audienda
1176 638 1334 690 divina,
1369 649 1409 679 et
1438 654 1510 680 na·

77 732 142 757 res
173 716 225 757 ad
257 730 317 765 ea,
350 731 455 771 quae
486 725 582 755 sunt
612 713 907 769 plenitudinis,
939 714 1172 762 sentienda.

188 792 228 837 3.
259 793 377 834 Haec
408 791 515 842 dixi,
548 790 644 847 quia
674 807 760 832 non
793 792 846 833 sit
876 791 1130 847 simpliciter
1159 793 1373 849 positum:
1414 796 1508 845 „fu-

74 871 157 924 gite
189 871 240 911 de
270 870 552 928 Babylone:“
584 869 657 909 sed
690 885 785 910 cum
810 869 1100 911 additamento
1121 872 1377 912 necessario:
1412 874 1506 923 „su—

74 948 215 1003 gite2)
250 949 301 988 de
331 947 476 989 medio
507 945 758 1004 BabyloniS,
792 958 833 988 et
863 947 1068 988 resalvate
1099 949 1387 1005 unusquisque
1419 950 1507 990 ani-

73 1042 187 1067 mam
216 1030 375 1066 suam.“
435 1023 628 1065 Primum
671 1036 844 1080 oportet
885 1026 1030 1078 fugere
1063 1026 1114 1067 de
1144 1026 1290 1067 medio
1320 1026 1507 1085 Babylo-

72 1103 148 1156 nis,
181 1103 333 1144 deinde
363 1101 550 1155 singulos
581 1101 738 1145 animas
778 1119 870 1144 suas
910 1103 1141 1155 resalvare,
1183 1120 1279 1146 cum
1310 1105 1504 1158 fugerint.

71 1183 220 1238 Neque
250 1196 349 1221 vero
384 1179 487 1220 dixit
516 1180 690 1230 salvare,
722 1182 796 1222 sed
825 1182 1044 1224 resalvare.
1113 1181 1342 1238 Appositio
1374 1183 1502 1240 sylla-

71 1261 148 1301 bae
179 1258 384 1312 significat
412 1270 742 1309 sacramentum,
775 1258 871 1315 quia
903 1260 1119 1315 quondam
1151 1271 1360 1312 gustantes
1391 1261 1501 1301 salu-

71 1350 171 1388 tem,
204 1349 244 1377 et
273 1337 325 1377 dc
357 1352 405 1377 ea
433 1348 613 1392 propter
640 1348 813 1393 peccata
839 1349 987 1393 postea
1011 1349 1270 1387 corruentes,
1300 1351 1504 1380 venerunt

73 1416 125 1456 ad
154 1414 430 1471 Babylonem.
478 1413 605 1471 Cujus
636 1414 698 1455 rei
730 1431 850 1457 eausa
882 1427 1056 1471 oportet
1085 1417 1292 1457 resalvare
1317 1417 1501 1459 animam

72 1509 208 1543 suam,
253 1502 300 1532 ut
330 1492 505 1548 incipiat
534 1509 806 1549 recuperare,
852 1496 969 1551 quod
1011 1494 1220 1550 perdidit,
1268 1497 1500 1555 secundum

71 1570 315 1628 apostolum
344 1570 520 1611 Petrum
560 1571 794 1613 dicentem:
839 1571 982 1626 „ita³)
1025 1572 1334 1628 reportavimus
1371 1574 1500 1616 finem

72 1649 185 1702 fidei,
217 1649 416 1701 salutem3
452 1650 503 1689 de
536 1666 617 1705 qua
646 1650 780 1691 salute
814 1649 1100 1706 exquisierunt
1131 1661 1172 1690 et
1202 1652 1374 1692 scrutati
1403 1666 1500 1694 sunt

69 1727 316 1784 prophetae,
348 1726 420 1782 qui
449 1741 628 1783 propter
657 1740 843 1769 nostram
882 1729 1247 1784 prophetaverunt
1283 1730 1499 1782 gratiam.“

68 1807 371 1846 Verumtamen
400 1804 442 1845 in
472 1805 595 1846 nobis
627 1817 688 1846 cst
716 1808 861 1859 fugere
894 1806 946 1846 de
975 1806 1218 1863 Babylone,
1268 1819 1309 1848 et
1346 1808 1389 1850 in
1420 1827 1497 1851 no-

71 1895 152 1924 stra
181 1883 370 1940 positum
403 1895 464 1925 est
501 1895 733 1940 potestate,
780 1882 814 1924 si
846 1882 1046 1937 velimus,
1092 1884 1339 1928 resuscitare
1380 1891 1495 1947 quod

72 1962 242 2003 corruit.

179 2039 219 2082 4.
251 2038 445 2081 Tertium
473 2040 718 2080 mandatum
748 2049 829 2080 est:
869 2051 940 2090 „et
956 2040 999 2095 4)
1040 2057 1178 2097 neque
1209 2041 1494 2099 projiciamini

69 2119 113 2159 in
144 2117 410 2173 iniquitatem
441 2116 570 2174 ejus.“
630 2117 738 2159 Cum
770 2117 861 2173 quis
892 2118 1045 2171 fugerit
1079 2118 1324 2176 injustitiam
1354 2122 1492 2181 Baby-

70 2195 200 2247 lonis,
237 2207 278 2236 et
314 2211 401 2235 non
440 2195 569 2249 egerit
605 2195 932 2252 poenitentiam,
981 2208 1080 2238 tunc
1119 2214 1376 2255 consequens
1417 2213 1491 2253 est,

68 2286 115 2315 ut
144 2272 403 2331 projiciatur.
464 2273 654 2315 Observa
684 2290 783 2315 vero
811 2273 1086 2331 Scripturam‚
1118 2279 1410 2334 quomodo,⁵)
1442 2278 1491 2320 li-

71 2363 137 2394 cet
166 2368 214 2392 ex
243 2352 422 2392 hebraea
451 2350 592 2404 lingua
620 2351 663 2392 in
694 2368 884 2405 graecam
913 2351 966 2394 sit
1009 2353 1229 2404 translata,
1273 2354 1489 2397 nihilomi-

70 2447 159 2483 nus,
193 2441 393 2486 quantum
420 2428 611 2486 recipere
638 2441 793 2486 potest,
826 2429 1084 2472 differentias
1115 2432 1344 2477 verborum
1367 2434 1491 2489 signi-

190 2612 230 2668 ¹)
261 2612 370 2653 Edd.
400 2611 462 2653 M.
493 2610 831 2667 ‚‚plenitudine.“
949 2615 991 2671 ²)
1020 2614 1175 2657 Jerem.
1205 2616 1276 2667 LI,
1306 2616 1345 2661 6.

189 2682 232 2739 3)
263 2682 373 2723 Edd.
403 2682 466 2723 M.
498 2681 641 2736 „istaf‘
675 2707 725 2716 -
759 2682 845 2726 Cfr.
878 2686 896 2726 I
926 2685 1039 2728 Petr.
1070 2687 1104 2737 I,
1134 2686 1172 2730 9.
1205 2686 1270 2730 10·

190 2751 232 2808 ⁴)
266 2751 353 2796 Cfr.
384 2753 540 2801 Jerem,
569 2753 640 2804 LI,
677 2753 714 2797 6.

193 2821 235 2878 ⁵)
264 2822 372 2864 Edd.
404 2823 464 2864 M.
497 2823 884 2880 „quodmodolibet
913 2829 990 2870 ex“
1020 2839 1098 2872 etc.
