1763 3112
574 82 773 134 HOMHJA
800 80 914 120 XIV.
1372 81 1460 125 259.

41 196 217 244 αὐτοῖς·
251 197 289 239 εἲ
317 192 408 253 γὰρ
437 190 617 251 καρπὸν
647 193 720 236 δεῖ
743 191 831 249 μὲν
861 191 981 246 ἔχειν
1010 189 1061 233 ἐν
1089 193 1182 238 τοῖς
1212 189 1452 249 ἀκροαταῖς

37 271 116 316 τὸν
146 274 363 329 λέγοντα,
407 266 430 312 ὁ
470 269 521 312 δὲ
548 266 838 326 ἀκροώμενος
865 267 1216 325 παρεκδέχοιτο,
1261 271 1338 317 καὶ
1367 270 1448 319 ἔξω

36 353 209 406 γίνοιτο
252 349 342 391 τῶν
379 347 665 402 λεγομένων,
711 347 887 402 λέγεται
925 340 1000 387 τό·
1042 342 1454 401 „01’m¹)a3q›e‘).noe¹

35 441 96 484 με
129 424 236 469 οὐδὲ
266 418 390 473 εἷς·“
422 421 522 467 ἐπεὶ
550 421 614 479 μὴ
645 421 872 479 ὠφέληται
902 421 1069 477 ταύτην
1097 418 1179 476 τὴν
1208 421 1456 480 ὠφέλειαν,”

37 498 95 556 ἣν
124 499 342 559 ὠφελήθη
375 495 432 543 ἂν
462 499 511 543 ἐκ
541 501 619 543 τοῦ
660 497 740 542 τὸν
767 496 998 556 ἀκροατὴν
1028 498 1341 556 ὠφεληθέντα,
1377 502 1453 541 αἴ-

36 593 134 622 τιον
162 579 397 635 προκοπῆς
435 579 511 619 καὶ
546 573 874 634 μακαριότητος
912 578 1131 631 γενέσθαι
1168 579 1229 633 τῷ
1268 575 1452 634 ὠφελή-

37 669 179 698 σαντι.
238 656 332 696 Καὶ
371 650 514 703 ι’ίλλως
551 654 623 708 δὲ,
666 655 755 702 πᾶς
786 650 808 696 ὀ
840 651 1095 710 διδάσκων,
1137 652 1228 698 κατ’
1263 652 1371 698 αὐτὸ
1401 651 1451 697 τὸ

35 728 290 788 διδάσκειν,
324 727 416 787 ὅσῳ
445 727 742 804 συνετιρτερός
772 729 895 774 ἔστιν
917 728 1226 788 ὁμανθοὶνων,
1259 730 1454 789 ὠφελεῖ-

37 826 109 852 ται
139 811 199 857 εἲς
229 803 256 851 ἃ
289 804 508 862 διδάσκει,
541 811 602 856 εἷς
631 804 659 849 ἃ
689 804 934 862 μανθάνει.
1005 809 1097 850 Καὶ
1125 813 1348 866 κρείττους
1375 813 1455 866 γί-

42 901 198 929 νονται
228 886 332 943 περὶ
363 879 395 926 ἂ
427 882 736 941 παραδιδόασι
765 880 1017 941 μαθήματα
1049 886 1092 926 οἱ
1119 886 1348 942 λέγοντες,
1382 884 1453 931 ὅτε

36 962 215 1006 συνετοὶ
246 957 368 1010 ὄντες
399 963 442 1005 οἱ
473 962 714 1020 ἀκροαταὶ,
759 963 835 1004 καὶ
877 960 961 1018 οὐχ
992 959 1269 1011 ἁπαξαπλῶς
1297 980 1451 1020 παρα-

35 1039 267 1095 δέχονται,
299 1035 414 1080 ιέλλᾶ
444 1037 857 1093 ἀντιβασανίζουσι,
891 1039 966 1081 καὶ
996 1038 1216 1096 ἐρωτῶσι,
1249 1042 1324 1082 καὶ
1356 1041 1452 1090 ἒξε-

34 1112 212 1167 τιέζουσι
243 1112 293 1158 τό
321 1110 529 1170 βούλημα
551 1117 641 1157 τῶν
661 1117 937 1171 λεγομένων.
985 1110 1121 1170 ,,Οὕτ’
1142 1115 1184 1172 ²)
1217 1108 1299 1161 οὖν
1326 1116 1449 1174 ὠφέ-

34 1194 162 1247 λησα,
196 1187 297 1235 οὕτε
330 1190 538 1248 ὠφέλησέ
562 1208 620 1249 με
652 1190 758 1236 οὐδὲ
790 1186 901 1241 εἷς.“

147 1269 186 1311 4.
213 1267 341 1312 Ἐπεὶ
382 1269 434 1313 δὲ
474 1272 550 1313 καὶ
592 1265 702 1323 ἄλλη
741 1266 947 1324 διήγησις
984 1267 1239 1325 ἀναγκαία,
1289 1267 1365 1312 διὰ
1397 1268 1451 1313 τὰ

35 1345 300 1404 ἀντίγραφα
330 1344 383 1389 τὰ
408 1346 698 1405 ἀκριβέστερα
722 1342 862 1394 οὕτως
886 1345 1067 1401 ἔχοντα·
1100 1343 1274 1402 ,,οὐκ3)
1305 1345 1451 1404 ὠφεί-

32 1427 172 1478 λησα,
219 1422 327 1466 οὐδὲ
370 1421 598 1480 ὠφείλησέ
635 1438 717 1481 μοι
757 1419 969 1470 οὐδείς’(ς
1013 1419 1337 1479 διηγησώμεθα
1375 1428 1454 1468 καὶ

35 1498 178 1549 οὕτως
207 1500 314 1556 ἕχον
342 1497 392 1543 τό
425 1496 576 1560 ῥητόν.
643 1496 690 1543 Ὁ
726 1498 814 1554 μὲν
850 1495 941 1554 γαρ
971 1500 1115 1542 πᾶσιν
1143 1498 1393 1551 ἀποδιδοὺς
1408 1503 1453 1559 4)

34 1575 147 1632 ,,τὰς
176 1573 376 1634 ὀφειλάς,
410 1578 471 1632 τῷ
502 1574 583 1619 τὸν
613 1573 790 1636 φόρον,
822 1574 902 1619 τὸν
933 1571 1106 1633 φόρον·
1144 1579 1206 1633 τῷ
1235 1576 1472 1635 τό,τε’λος,,

33 1652 83 1698 τὸ
130 1656 278 1703 τέλος·
319 1655 381 1710 τῷ
425 1650 508 1696 τὸν
548 1651 721 1711 φόβον,
769 1650 848 1696 τὸν
879 1649 1052 1710 φόβον·
1100 1655 1161 1709 τῷ
1192 1652 1273 1709 τὴν
1301 1655 1452 1712 τιμήν,

328 1730 357 1753 “
403 1733 480 1773 καὶ
524 1732 639 1774 πᾶσι
673 1729 727 1773 τὰ
772 1727 1033 1785 καθήκοντα
1076 1728 1349 1787 ἀποδιδοὺς,
1395 1731 1454 1782 ὠς

34 1728 120 1785 τήν
147 1728 311 1789 τιμήν·

32 1806 99 1865 μὴ
134 1807 334 1864 ὀφείλειν
363 1805 418 1850 τὰ
448 1804 711 1863 καθήκοντα
738 1803 852 1864 πρός
870 1822 1006 1860 τινας,
1037 1803 1228 1861 τιμήσας
1250 1807 1353 1858 τοὺς
1367 1827 1454 1867 γο-

34 1889 147 1941 νεῖς,
197 1882 257 1933 ὥς
283 1889 455 1941 γονεῖς·
501 1883 758 1942 α’δελφούς,
809 1880 868 1932 ὠς
907 1880 1159 1940 ἀδελφούς·
1202 1884 1348 1941 υἱοὺς,
1395 1885 1462 1945 ὠς,

32 1958 180 2010 υἱούς·
221 1958 519 2016 ἐπισκόπους,
561 1958 622 2010 ὠς
657 1957 958 2009 ἐπισκόπους·
999 1964 1350 2019 πρεσβυτέρους,
1393 1962 1453 2014 ὠς

31 2040 380 2097 πρεσβυτέρους·
426 2035 689 2093 διακόνους,
742 2036 801 2087 ὠς
831 2034 1093 2087 διακόνους·
1138 2038 1350 2095 πιστοὺς,
1396 2040 1455 2092 ὠς

33 2113 245 2164 πιστούς·
287 2117 673 2173 κατηχουμένους,
718 2113 778 2165 ὠς
807 2118 1192 2172 κατηχουμένους·
1232 2120 1271 2161 εἰ
1301 2116 1452 2163 πάντα

36 2191 293 2235 ἀποδίδωσι
322 2190 377 2235 τὰ
407 2189 683 2247 καθήκοντα,
718 2190 800 2236 οὐκ
833 2192 1102 2251 ὠφείλησεν·.
1150 2196 1210 2235 Εἰ
1240 2194 1290 2237 δὲ
1306 2194 1452 2253 ὠφεί-

35 2270 102 2311 λει
130 2267 217 2324 μὲν
245 2271 432 2323 ποιῆσαι
462 2271 692 2325 καθῆκον,
727 2270 778 2313 οὐ
808 2274 1029 2325 πεποίηκε
1058 2269 1130 2324 δὲ,
1175 2269 1227 2313 οὐ
1263 2268 1451 2316 δύναται.

35 2347 209 2401 λέγειν·
253 2343 428 2401 ,,οὐκ5)
470 2346 772 2404 ὠφείλησα·“
815 2346 1015 2406 ὀφείλων
1041 2344 1132 2403 γὰρ
1162 2345 1243 2390 οὐκ
1273 2345 1450 2393 ἀποδέ-

33 2421 168 2466 δωκε.
228 2422 335 2470 Πῶς
364 2414 445 2465 οὖν
473 2421 749 2481 διηγήσομαι
779 2426 856 2468 καὶ
890 2422 964 2468 τό·
997 2422 1138 2479 ,,οὐδὲ
1154 2421 1199 2480 ⁶)
1229 2423 1457 2482 ὠφείλησέ

32 2514 116 2555 μοι
148 2496 363 2550 οὐδείς;“
408 2497 527 2555 Ἐγώ
564 2501 652 2558 μὲν
691 2501 941 2557 ἐδάνειζον,
984 2503 1061 2544 καὶ
1101 2497 1282 2545 διδόναι
1313 2503 1447 2559 ἐβου..

159 2672 197 2726 ¹)
230 2671 314 2712 Cfr.
346 2672 503 2712 Jerem.
535 2673 628 2724 XV,
660 2672 724 2723 10.
843 2675 886 2732 ²)
915 2676 1071 2716 Jerem·
1101 2675 1194 2725 XV,
1227 2674 1294 2718 10.

154 2741 196 2795 ³)
229 2740 314 2782 Cfr.
345 2741 498 2782 Jerem.
530 2742 623 2793 XV,
656 2742 720 2786 10.
839 2745 881 2800 ⁴²)
914 2744 1003 2786 Cfr.
1032 2745 1158 2786 Rom.
1190 2743 1313 2795 XIII,
1344 2745 1381 2788 7.

154 2811 195 2865 ⁵)
227 2810 313 2852 Cfr.
343 2811 497 2853 Jerem.
527 2812 622 2863 XV,
652 2812 715 2856 10.
835 2814 878 2870 ⁶)
910 2814 995 2856 Cfr.
1026 2815 1178 2856 Jerem.
1209 2813 1303 2863 XV.
1334 2814 1396 2858 10.

1064 2891 1150 2933 17*
