1734 3112
659 79 862 123 HommA
886 80 919 120 I.
1242 139 1246 143 ι
1431 85 1511 130 113

86 190 198 249 πρὸς
239 189 376 234 αὐτὸν
416 192 574 233 τοῦτον
613 188 866 247 λεγόμενον
905 187 986 233 τὸν
1021 187 1175 247 λόγον.
1238 197 1329 235 Καὶ
1368 199 1412 238 τί
1446 214 1505 250 με

82 270 158 312 δεῖ
183 271 445 325 καταλέγειν
476 269 579 322 περὶ
611 270 701 310 τῶν
730 268 853 322 ἑξῆς;
910 265 1127 324 Ἱερεμίας
1156 268 1383 326 ἒξαιρέτου
1413 269 1504 330 εἶχε

84 347 273 404 δωρεᾶς,
318 346 417 398 τῆς·
480 341 678 400 ,,πρὸ“)
723 347 801 388 τοῦ
846 359 905 400 με
949 340 1120 386 πλάσαι
1165 359 1214 389 σε
1260 346 1311 389 ἓν
1354 351 1500 404 κοιλία

81 424 330 477 ἐπίσταμαί
371 435 442 476 σε,
497 423 574 463 καὶ
623 418 710 479 πρὸ
759 423 838 463 τοῦ
895 435 944 465 σε
990 421 1192 470 ἐξελθεῖν
1237 423 1287 465 ἐκ
1329 422 1502 482 μήτρας

82 495 247 554 ἡγίακᾶ
287 498 388 541 σε.“

189 573 230 616 6.
272 574 366 617 Οὐκ
388 573 663 631 ἀγνοοῦμεν,
699 572 763 617 ὅτι
792 577 929 618 ταῦτα
962 575 1250 637 ιἰναφέρουσί
1277 593 1406 633 τινες,
1440 578 1500 629 ὡς

74 654 257 707 μείζονα
270 649 498 708 Ἱερεμίου,
532 651 607 694 ἐπὶ
637 649 716 694 τὸν
747 654 923 712 σωτῆρα
953 655 1029 696 καὶ
1055 650 1216 711 κύριον
1242 652 1389 711 ἡμῶν·
1421 658 1499 697 καὶ

75 730 246 782 ἰστέον,
292 726 357 772 ὅτι
387 727 439 772 τὰ
471 728 558 784 μὲν
588 725 735 772 πολλὰ
780 727 901 786 αὐτῷ
943 729 1153 787 συνᾴδει,
1198 733 1274 774 καὶ
1305 729 1494 775 δύναται

75 804 389 863 ἀντιφέρεσθαι
421 807 496 849 ἐπὶ
538 804 618 849 τὸν
652 807 858 861 σωτῆρα,
903 804 931 849 ἃ
962 806 1321 867 παραθήσομαι·
1365 808 1498 865 ὀλίγα

73 883 129 926 δέ
153 899 253 925 τινα
284 882 397 943 πρὸς
426 880 530 932 τούς
558 880 755 930 πολλοὺς
785 881 1050 940 ἐφαρμόσαι
1078 887 1136 941 τῷ
1163 887 1343 942 σωτῆρι.
1382 890 1497 928 Τίνα

72 951 156 1004 οὖν
186 961 277 1003 ἐστι
310 958 362 1003 τὰ
395 957 713 1017 ἐφαρμόζοντα
744 961 807 1015 τῷ
839 963 1026 1018 σωτῆρι;
1061 959 1217 1018 ,,πρός
1233 961 1277 1018 2)
1309 960 1494 1015 πάντας,

73 1033 150 1086 οὓς
170 1036 251 1081 ζαν
275 1039 576 1088 ἒξαποστείλω
609 1051 673 1092 σε,
706 1034 922 1097 πορεύσῃ·
956 1041 1033 1080 καὶ
1064 1037 1175 1081 κατα
1208 1036 1374 1094 πάντα,
1409 1038 1495 1084 ὅσα

80 1112 164 1158 ἐὰν
193 1117 464 1172 ἐντείλωμαί
491 1131 579 1170 σοι,
609 1111 826 1168 λαλήσεις.
867 1114 949 1170 Ῐνῐὴ
968 1119 1175 1177 φοβηθῇς
1196 1114 1289 1159 ἀπὸ
1310 1115 1497 1176 προσώ-

70 1209 159 1236 που
192 1192 356 1236 αὐτῶν·
392 1189 455 1235 ὅτι
487 1191 601 1248 μετὰ
634 1194 716 1236 σοῦ
748 1196 837 1251 εἰμι
859 1195 938 1236 τοῦ
968 1194 1251 1252 ἐξαιρεῖσθαί
1277 1209 1341 1249 σε,
1374 1197 1493 1251 λέγει

67 1266 268 1329 κύριος.“
330 1264 466 1313 Οὔπω
498 1272 637 1313 ταῦτα
670 1271 872 1327 ἐναργῶς
904 1270 1017 1327 πρὸς
1046 1270 1126 1314 τὸν
1157 1274 1335 1329 σωτῆρα
1367 1269 1487 1321 δόξει

69 1342 129 1390 ι’ἷν
145 1345 474 1404 ἀναφέρεσθαι,
506 1345 560 1388 tc}
589 1347 687 1401 ἑξῆς
711 1348 776 1390 δέ·
809 1347 979 1403 ,,καὶ3)
1011 1349 1196 1397 ἐξέτεινε
1227 1346 1382 1405 κύριος
1409 1348 1492 1404 τὴν

66 1429 198 1480 χεῖρα
238 1421 378 1466 αὐτοῦ
416 1423 530 1479 πρὸς
565 1423 646 1479 μὲ,
697 1426 774 1466 καὶ
811 1421 961 1479 ἥψατο
1001 1427 1080 1467 τοῦ
1122 1421 1347 1480 στόματός
1381 1442 1488 1483 μου,

67 1504 144 1544 καὶ
174 1495 271 1544 εἶπε
301 1496 452 1554 κύριος
480 1498 594 1555 πρὸς
616 1503 689 1554 με’·
723 1498 840 1555 ἰδοὺ,
874 1499 1055 1542 δέδωκα
1076 1499 1178 1550 τοὺς
1207 1499 1372 1559 λόγους
1399 1520 1491 1560 μου

68 1581 129 1626 εἰς
167 1576 215 1620 τὸ
261 1573 408 1632 στόμα
454 1589 559 1620 σου·
607 1574 734 1631 ἰδοὺ,
776 1574 1035 1621 καθέστακὰ
1082 1592 1130 1622 σε
1170 1576 1373 1638 σήμερον
1414 1581 1490 1623 ἐπὶ

67 1655 179 1708 ἔθνη
210 1654 286 1695 καὶ
314 1656 556 1708 βασιλείας,
592 1655 795 1711 ἕκριζοῦν
825 1656 902 1696 καὶ
932 1652 1320 1700 κατασκάπτειν.“
1356 1654 1489 1715 Ἱερε-

64 1734 172 1786 μίας
189 1735 301 1774 ποῖα
332 1730 443 1784 ἔθνη
467 1731 745 1790 ἒξεῤῥίζωσε;
777 1735 922 1780 Ποίας
943 1735 1215 1789 κατέστρεψε
1235 1737 1487 1788 βασιλείας,-

69 1812 327 1865 Γέγραπται
368 1805 482 1865 γάρ·
518 1805 662 1863 ,,ῗδοὺ
678 1807 746 1862 ⁴),
784 1805 1046 1851 καθέστακα
1082 1822 1133 1853 σε
1171 1807 1373 1866 σήμερον
1411 1812 1488 1855 ἐπὶ

69 1887 145 1929 ἐπὶ
183 1885 294 1940 ἔθνη
333 1886 410 1927 καὶ
447 1886 698 1940 βασιλείας,
741 1885 946 1943 ἕκριζοῦν
981 1887 1059 1928 καὶ
1094 1882 1485 1932 κατασκάπτειν.“

63 1964 215 2005 Ποίαν
244 1961 294 2005 δὲ
325 1956 446 2018 εἶχεν
476 1962 687 2012 ἐξουσίαν
720 1959 978 2019 ὁἾερεμίας
996 1966 1058 2012 εἷς
1079 1962 1130 2007 τὸ
1153 1961 1486 2021 ἀπολλύειν5),·

69 2037 183 2097 ὅπερ
217 2043 391 2098 εἴρηται
434 2036 494 2088 ὠς
530 2037 644 2096 πρὸς
670 2036 888 2096 Ἱερεμίαν
928 2040 978 2083 ἒν
1013 2042 1077 2097 τῷ
1116 2043 1192 2084 καὶ
1222 2039 1484 2086 ἀπολλύειν.

71 2120 210 2166 Τίνας
239 2116 290 2160 δὲ
319 2112 560 2164 τοσούτους
602 2113 900 2173 ᾠκοδόμησεν
923 2114 1158 2174 Ἱερεμίας,
1198 2121 1274 2161 ἵνα
1306 2121 1483 2175 λέγηται

68 2195 146 2236 καὶ
191 2192 601 2250 ἆνοικοδομεῖνὸ);
655 2190 870 2252 Ἱερεμίας
912 2199 1077 2251 φησίν·
1127 2193 1209 2238 οὐκ
1255 2193 1484 2252 ὠφέλησα,

68 2267 176 2311 οὐδὲ
215 2268 423 2326 ὠφέλησέ
456 2286 514 2327 με
555 2270 715 2320 οὐδείς.
782 2274 889 2320 Πῶς
934 2263 1017 2316 οἶν
1054 2273 1239 2316 δέδοται
1274 2271 1395 2328 αὐτῷ
1435 2270 1484 2317 τὸ

67 2345 331 2401 οἰκοδομεῖν
370 2350 446 2390 καὶ
484 2345 838 2406 καταφυτεύειν,·
896 2352 1006 2398 Πιῦς
1044 2350 1121 2392 ἐπὶ
1161 2350 1241 2393 τὸν
1266 2346 1485 2408 Ἱερεμίαν

62 2419 317 2479 ἐφαρμόσει
358 2421 408 2466 τὸ
450 2422 804 2483 καταφυτεύειν;
875 2429 1029 2468 Ταῦτα
1068 2427 1145 2470 ἐπὶ
1183 2424 1264 2470 τὸν
1304 2429 1483 2485 σωτῆρα

65 2497 390 2558 ἀναφερόμενα
423 2499 474 2543 οὐ
500 2504 646 2556 θλίβει
677 2501 756 2547 τὸν
785 2500 1109 2559 ἑρμηνεύοντα·
1144 2501 1211 2547 ὅτι
1233 2501 1483 2561 ὁἹερεμίας

184 2659 224 2716 ¹)
253 2660 410 2701 Jerem.
443 2660 484 2709 I,
515 2659 553 2702 5.
672 2661 716 2716 ²)
746 2662 903 2704 Jerem.
933 2662 976 2713 I,
1012 2662 1049 2705 7.
1078 2662 1117 2706 8.

179 2728 222 2784 3)
252 2729 407 2770 Jerem.
438 2730 481 2779 I,
511 2728 551 2772 9.
585 2729 650 2773 10.
770 2730 811 2785 ⁴)
840 2732 995 2773 Jerem.
1026 2732 1071 2781 I,
1102 2730 1167 2775 10.

182 2797 223 2854 ⁵)
256 2798 342 2840 Cfr.
373 2800 528 2840 Jerem.
561 2800 602 2849 I,
633 2800 698 2844 10.
821 2799 864 2855 6)
896 2802 983 2843 Cfr.
1013 2802 1168 2842 Jerem.
1202 2801 1243 2847 I,
1277 2799 1338 2841 10-

63 2876 281 2918 Omenms
313 2877 482 2918 OPERA.
524 2876 643 2918 Tom.
662 2877 755 2918 XV.
1146 2878 1174 2918 8
