1763 3112
292 69 376 111 460
736 81 791 110 Ex
823 69 1036 113 Omemm
1071 68 1276 112 Samen

287 184 370 225 λον
400 177 658 238 πνεύματος
687 182 764 223 καὶ
794 181 1084 238 δυνάμεως.“
1148 179 1212 225 T&
1244 182 1464 227 ἐνταλθὲν
1495 182 1543 226 δὲ
1574 181 1713 235 ποιή-

288 274 369 308 σας
394 257 631 316 Ἱερεμίας,
665 256 922 319 εὐχαριστεῖ
958 262 1019 316 τῷ
1058 261 1173 316 θεῷ.
1227 257 1341 319 Ὅρα
1381 260 1432 304 δὲ
1470 260 1552 314 τὴν
1588 257 1712 303 ὑπα-

286 335 401 390 κοὴν
429 338 508 379 τοῦ
541 331 783 394 προφήτου
821 334 911 392 πρὸ
943 337 1021 380 τοῦ
1051 341 1340 394 φαινομένου
1371 339 1710 394 συμφέροντος·

288 412 400 472 ὅπερ
431 411 608 469 ἐπάγει,
640 416 961 469 προθεσπίζων
999 416 1076 468 τῆς
1113 417 1197 471 γῆς
1226 413 1308 470 τὴν
1338 412 1600 468 ἀνάκτησιν.
1659 411 1715 454 ‘H

285 490 376 547 γὰρ
407 491 461 533 δι’
495 491 644 547 ἔργων
673 496 931 548 προφητεία
961 489 1011 536 τὸ
1044 489 1271 535 ἀκουστὸν
1300 496 1569 545 καθίστησιν
1599 487 1713 545 ὀρα-

285 567 379 622 τόν,
411 571 488 610 καὶ
519 566 569 610 τὸ
600 570 771 626 μέλλον
804 570 944 612 οἱονεὶ
974 566 1140 627 παρὸν,
1176 569 1227 612 ἐν
1256 571 1317 625 τῷ
1348 572 1476 626 μέρει
1507 569 1710 622 δηλοῦσα

285 646 334 690 τὸ
367 643 489 690 ὅλον.

399 720 499 778 ,,Οὐ
520 723 559 778 ¹)
577 721 639 778 μὴ
663 721 898 783 ἀποκρυβῇ
919 721 1010 766 ἀπὸ
1042 725 1125 766 σοῦ
1159 722 1346 766 οὐδέν.“
1409 724 1473 767 Οὐ
1503 720 1709 766 πιθανὸν

285 799 365 844 τόν
393 798 638 858 προφήτην
674 797 900 855 τοσαύτην
930 798 1222 856 εὐχαριστίαν
1252 798 1507 858 προσάγειν
1538 801 1615 844 ἐπὶ
1645 802 1707 856 τῷ

287 879 398 922 δέκα
430 879 507 921 καὶ
537 876 650 921 ἑπτὰ
683 881 852 922 σίκλων
882 877 1113 933 ἐωνῆσθαι
1143 877 1397 938 τόχωρίον,
1429 877 1510 922 τὸν
1539 878 1589 921 ἐκ
1617 873 1711 935 μή-

283 973 390 1013 τρας
408 953 705 1012 ἁγιασθέντα,
739 958 816 998 καὶ
840 959 970 1000 θείου
994 952 1253 1014 πνεύματος
1267 953 1534 1013 ὑπάρχοντα
1549 952 1711 1013 πλήρη.
1752 971 1763 977 ·

279 1033 386 1076 Ἀλλ’
422 1030 505 1089 ὅρα
537 1031 616 1076 τὸν
646 1032 923 1089 σαββατικὸν
955 1030 1181 1092 ἀριθμὸν,
1224 1030 1274 1076 τὸ
1305 1036 1381 1086 τῆς
1412 1030 1711 1082 ἀναπαύσεως

283 1108 542 1167 σύμβολον,
589 1112 667 1152 καὶ
703 1109 784 1154 τὸν
823 1112 1015 1155 δέκατον
1045 1113 1215 1155 τέλειον
1246 1105 1380 1165 ὄντα,
1429 1113 1507 1154 καὶ
1539 1114 1710 1155 οἰκεῖον

281 1190 418 1232 θεοῦ·
450 1211 502 1219 —-
531 1185 717 1231 δεκάται
747 1185 840 1245 γάρ
871 1188 922 1230 ἓν
951 1190 1002 1247 τῇ
1035 1184 1198 1246 δεκάτῃ
1229 1189 1321 1229 τῶν
1348 1189 1559 1244 ἱλασμῶν
1589 1187 1707 1232 ἀνα-

282 1269 524 1323 φέρονται·
565 1267 644 1307 καὶ
683 1262 933 1322 δεκάλογος
972 1266 1023 1308 ἐν
1060 1267 1109 1324 τῇ
1149 1262 1303 1325 πρώτη
1340 1269 1616 1322 νομοθεσίᾳ·
1650 1289 1703 1297 —

280 1345 359 1386 καὶ
389 1340 542 1403 γνώσῃ
572 1340 653 1385 τὸν
683 1341 854 1400 ἀγρὸν,
896 1341 976 1386 τὸν
1022 1339 1174 1398 πλήρη
1214 1345 1406 1402 καρπῶν
1436 1339 1707 1399 πρεπόντων

279 1427 375 1470 τοῖς
405 1418 563 1477 ἁγίοις.
618 1422 834 1470 Τοιοῦτος
864 1412 921 1475 ἧν
952 1417 1092 1477 ἀγρὸς
1117 1417 1289 1475 Ἰακώβ,
1323 1418 1465 1476 ὅνπερ
1495 1419 1708 1477 ὀσφραν-

279 1501 378 1548 θεὶς
402 1494 575 1542 Ἰσαάκ·
617 1496 841 1555 ,,ῗδοὺ,2)
883 1501 1049 1555 φησὶν,
1094 1495 1212 1554 ὀσμὴ
1254 1501 1334 1542 τοῦ
1374 1501 1477 1541 υἱοῦ
1512 1514 1605 1555 μου
1648 1495 1708 1546 ὠς

279 1575 398 1633 ὀσμὴ
430 1575 576 1634 ἀγροῦ
605 1573 818 1633 πλήρους,
852 1571 907 1619 ὃν
936 1573 1183 1632 εὐλόγησεν
1215 1573 1236 1619 ὁ
1269 1573 1473 1632 κὺριος.“
1528 1573 1708 1624 Ὁποῖός

278 1656 400 1698 ἐστιν
441 1650 489 1703 ὃς
527 1651 731 1713 καρποὺς
769 1654 862 1710 ἔχει
899 1656 978 1698 τοῦ
1017 1651 1300 1711 πνεύματος,
1340 1656 1417 1698 ἵνα
1451 1659 1611 1714 σπείρῃ
1649 1652 1703 1696 τὰ

278 1735 358 1776 τοῦ
388 1729 662 1788 πνεύματος,
695 1735 773 1774 καὶ
801 1736 960 1792 θερίση
1001 1730 1118 1785 ζωὴν
1157 1728 1360 1775 αἰώνιον.
1417 1727 1581 1777 ’Έπνει
1610 1729 1702 1790 γὰρ

273 1808 432 1866 Ἰακώβ
464 1808 547 1853 οὐκ
578 1808 798 1866 ἀμπέλων
838 1807 957 1865 ὀσμὴ
998 1805 1023 1862 ἢ
1055 1806 1222 1863 σύκων,
1256 1807 1348 1851 ἀλλ’
1380 1806 1581 1867 ἀγάπης,
1607 1825 1702 1866 χα-

279 1891 380 1948 ράς,
412 1884 610 1947 εἰρήνης,
641 1891 992 1944 μακροθυμίας,
1029 1884 1353 1942 χρηστότητος,
1395 1883 1701 1943 ἀγαθοσύνης,

277 1971 482 2019 πίστεως,
503 1965 779 2023 ἐγκρατείας.
824 1962 929 2006 Ἐπὶ
945 1961 1140 2019 τοιούτῳ
1163 1967 1320 2007 τοίνυν
1339 1962 1471 2021 άγρῴ
1488 1961 1703 2021 Ἱερεμίας

276 2043 543 2101 εὐχαριστεῖ,
576 2045 742 2100 λέγων·
773 2039 832 2097 ,,ὁ
851 2041 894 2097 3)
926 2037 991 2084 ὢν
1020 2037 1197 2099 κύριε.“
1258 2037 1473 2085 Ἐσκόπει
1502 2039 1591 2098 γὰρ
1622 2038 1702 2084 τὸν

277 2117 418 2170 ὅντως
458 2116 590 2176 ὅντα,
616 2118 701 2177 ’μὴ
742 2120 932 2164 σκοπῶν
967 2116 1022 2163 τά
1060 2117 1350 2175 βλεπόμενα,
1399 2116 1514 2161 ἀλλὰ
1552 2116 1606 2162 τά
1634 2115 1700 2176 μὴ

270 2196 545 2257 βλεπόμενα.

604 2418 876 2480 Κεφάλαιον
896 2418 1165 2480 τριακοστὸν
1183 2415 1366 2477 ὄγδοον.

387 2535 782 2594 ,,Παραδιὸ“ομένη
798 2532 841 2590 ⁴)
880 2531 1256 2594 παραδοθήσεται
1299 2531 1325 2588 ἡ
1365 2529 1494 2581 πόλις
1535 2529 1699 2585 afim-‘⁴

278 2614 343 2659 Οὐ
383 2611 532 2672 μόνον
572 2616 854 2671 προφητείας
887 2610 1100 2668 Ἱερεμίας
1140 2609 1430 2670 ἀνέγραψεν,
1477 2607 1590 2652 ἀλλά
1621 2610 1699 2651 καὶ

398 2757 437 2812 ¹)
466 2754 625 2797 Jerem.
654 2753 838 2804 XXXII,
872 2753 936 2798 17.
1058 2752 1101 2809 ²)
1132 2751 1239 2793 Gen.
1270 2749 1451 2799 XXVII,
1479 2749 1546 2791 27.

393 2826 437 2881 ³)
465 2824 624 2868 Jerem.
655 2824 838 2874 XXXII,
871 2822 939 2867 17.
1058 2821 1100 2878 4)
1130 2821 1286 2863 Jerem.
1328 2818 1572 2867 XXXVIII,
1601 2817 1640 2861 3.
