1734 3112
225 71 308 116 224
668 72 889 115 Oamnms
921 86 965 116 m
1000 73 1025 114 J
1029 85 1238 115 Ennmmm

342 184 380 229 3.
428 188 623 243 Λέγεται
658 186 708 230 δὲ
738 192 831 237 τοῖς
871 183 1177 246 ἡμαρτηκόσι·
1222 189 1475 245 ,,σπείρατε
1496 185 1536 242 ¹)
1566 201 1657 228 πυ-

231 263 362 323 ροὺς,
403 267 479 308 καὶ
522 261 730 314 ἀκάνθας
758 266 1022 322 θερίζετε·“
1063 261 1150 307 κᾶν
1180 262 1272 323 γὰρ
1304 263 1355 306 ἓν
1391 267 1485 312 τοῖς
1516 260 1662 318 ἁγίοις

230 345 310 387 τοῦ
360 345 472 388 θεοῦ
515 341 759 399 ὁμιλῶσιν,
815 345 858 387 οἱ
894 340 956 399 μὴ
1005 344 1149 391 καλῶς
1189 340 1342 390 αὐτοῖς
1383 338 1660 398 ὁμιλοῦντες,

233 421 350 479 μηδὲ
382 416 434 465 ὃν
465 422 539 466 δεῖ
565 418 734 477 τρόπον
765 422 987 476 βιοῦντες,
1030 419 1149 477 μηδὲ
1178 417 1486 473 πιστεύοντες,
1530 421 1663 462 σπεί-

233 514 361 558 ρουσι
392 497 577 558 πυροὺς,
612 498 689 540 καὶ
720 502 975 558 θερίζουσιν
1007 495 1237 546 ἀκάνθας·
1269 493 1467 554 μάλιστα
1501 495 1550 539 δὲ
1572 496 1663 539 ἔστι
1684 507 1697 523 ’

231 579 511 630 κατανοῆσαι
565 576 641 619 ἐπὶ
687 577 779 619 τῶν
822 572 1100 634 ἑτεροδόξων
1148 571 1522 631 ἐντυγχανόντων
1568 577 1663 622 ταῖς

229 659 458 712 γραφαῖς,
491 654 567 695 καὶ
600 648 807 701 ἀκάνθας
838 651 918 696 οὐκ
949 649 1040 696 ἀπὸ
1072 654 1163 696 τῶν
1192 652 1407 711 γραφῶν,
1444 650 1534 695 ἀλλ’
1567 648 1665 694 α’πὸ

230 732 320 776 τῶν
353 731 486 774 ἰδίων
516 730 734 774 ἐπινοιῶν
762 728 1049 789 θεριζόντων.
1110 730 1271 788 ,,Οἱῖ)
1311 731 1469 788 κλῆροι
1517 726 1668 773 αὐτῶν

233 808 317 853 οὐκ
349 805 667 866 ὠφελήσουσιν
698 805 912 857 ιιύτούς.“
961 810 1114 852 Ταῦτα
1146 810 1223 851 καὶ
1253 806 1342 864 πρὸ
1374 805 1506 864 ἡμῶν
1538 802 1666 850 ἄλλοι

236 886 529 945 διηγήσαντο.
589 887 682 929 Καὶ
711 884 866 939 ἐπειδή
904 885 1044 943 01323)
1078 883 1483 944 ἀποδοκιμάζομεν
1516 882 1667 928 αὐτῶν

233 963 317 1020 τὴν
357 963 591 1022 διήγησιν,
638 961 941 1022 εὐγνωμόνως
981 967 1187 1023 φέρομεν
1226 961 1369 1017 αὐτὴν
1408 965 1468 1012 εἰς
1505 964 1664 1018 μέσον,

235 1043 319 1100 οὐχ
349 1041 409 1093 ὠς
427 1039 632 1100 εὑρόντες
649 1042 709 1097 ⁴²),
745 1041 837 1084 ἀλλ’
861 1039 919 1091 ὠς
943 1040 1261 1101 μεμαθηκότες
1285 1040 1427 1086 καλὸν
1454 1038 1664 1099 μάθημα.
1729 1077 1734 1089 ,

235 1112 378 1170 Οὗτος
409 1118 431 1164 ὀ
457 1117 591 1177 λόγος
621 1118 848 1178 ὠφελήσει
880 1122 955 1162 καὶ
978 1118 1098 1177 ὑμᾶς
1128 1123 1205 1164 καὶ
1236 1118 1372 1178 ἡμᾶς,
1407 1118 1489 1164 ἐὰν
1517 1132 1667 1177 προσ-

233 1201 411 1256 έχωμεν
430 1198 472 1253 ⁵)
502 1200 566 1253 τῷ
594 1199 915 1256 γεγραμμένῳ,
953 1200 994 1241 οἳ
1024 1201 1256 1255 δοκοῦμεν
1285 1195 1397 1243 εἶναι
1433 1196 1522 1241 ἀπὸ
1555 1195 1666 1250 κλή-

235 1292 317 1334 ρου
356 1274 475 1324 τινὸς
491 1275 533 1332 6)
574 1274 966 1333 προκαθεζόμενοι
1007 1274 1158 1333 ὑμῶν,
1202 1274 1314 1322 ὥστε
1354 1274 1477 1325 τινας
1516 1277 1668 1319 θέλειν

237 1351 366 1407 ἥκειν
397 1354 474 1397 ἐπὶ
505 1351 586 1397 τὸν
616 1356 785 1411 κλῆρον
814 1357 990 1399 τοῦτον.
1041 1351 1155 1400 ”lore
1187 1356 1262 1410 δὲ,
1306 1353 1373 1398 ὅτι
1405 1353 1456 1398 οὐ
1488 1352 1668 1403 πάντως

237 1429 260 1475 ὃ
293 1433 456 1490 κλῆρος
487 1428 626 1482 σώζει.
675 1434 848 1476 Πολλοὶ
879 1430 969 1490 γὰρ
999 1437 1077 1477 καὶ
1106 1430 1401 1492 πρεσβύτεροι
1431 1430 1667 1475 ἀπολοῦν-
1726 1453 1734 1500 ¹.

235 1527 322 1565 ται,
359 1511 523 1553 πολλοὶ
555 1511 632 1552 καὶ
656 1512 806 1554 λαϊκοὶ
829 1509 1047 1572 μακάριοι
1074 1508 1510 1568 εἷποδειχθήσονται.
1539 1508 1668 1553 Ἐπεὶ

237 1580 320 1633 οὗν
367 1590 483 1637 τινές
529 1589 644 1631 εἰσιν
693 1588 743 1632 ἐν
787 1587 937 1648 κλήρῳ
980 1589 1064 1647 οὐχ
1103 1587 1241 1638 οὕτως
1278 1591 1505 1643 βιοῦντες,
1555 1584 1668 1632 ὥστε

237 1666 537 1725 ὠφεληθῆναι
553 1668 630 1708 καὶ
657 1669 886 1722 κοσμῆσαι
907 1667 987 1713 τὸν
1012 1671 1208 1728 κλῆρον·
1242 1663 1318 1711 διὰ
1341 1668 1487 1721 τοῦτο,
1521 1667 1669 1724 φασὶν

238 1746 283 1790 οἱ
313 1740 662 1801 διηγησάμενοι,
702 1747 977 1804 γέγραπται·
1020 1746 1172 1802 ,,οἱ7)
1216 1747 1372 1803 κλῆροι
1407 1743 1555 1787 αὐτῶν
1587 1741 1667 1787 οὐκ

796 1823 824 1845 G<

238 1818 557 1880 ὠφελήσουσιν
595 1818 780 1871 αὐτούς·
868 1822 917 1867 τὸ
961 1822 1049 1882 γὰρ
1091 1822 1304 1882 ὠφελοῦν
1347 1821 1429 1867 οὐκ
1469 1820 1578 1866 αὐτὸ
1617 1817 1666 1865 τὸ

237 1899 568 1956 καθέζεσθαιδ)
612 1899 662 1943 ἒν
707 1905 1035 1959 πρεσβυτερείῳ
1081 1901 1232 1959 ἐστὶν,
1285 1898 1398 1943 ἀλλὰ
1441 1898 1491 1945 τὸ
1534 1901 1669 1956 βιοῦν
1723 1919 1725 1939 1

358 2076 399 2133 ¹)
429 2076 482 2118 H.
515 2077 567 2117 ad
597 2075 855 2157 marginem:
877 2077 1061 2129 „scribe:
1093 2076 1347 2132 σπει’ρετε,“
1378 2077 1428 2119 Β.
1460 2076 1504 2117 in
1533 2075 1666 2118 notis:

242 2131 577 2191 „Hieronymusz
619 2136 873 2193 σπει’.“ρετε
905 2159 958 2167 -
990 2133 1497 2185 Cfr.Jerem.X11,13.

357 2204 400 2260 ²)
431 2204 587 2246 Jerem.
618 2205 725 2257 XII,
757 2205 823 2250 13.

356 2276 399 2330 3)
431 2276 485 2317 H.
519 2287 560 2317 et
588 2277 638 2318 R.
670 2276 714 2317 in
743 2288 881 2319 textu.
912 2276 1059 2342 ,,τοῦτ’
1084 2271 1522 2347 αποδοκιμιὶζομεν“
1553 2276 1644 2317 κτλ.
1635 2302 1664 2328 .,

239 2334 295 2376 H.
324 2345 466 2375 tamen
495 2333 548 2375 ad
577 2333 830 2387 marginem:
871 2333 1061 2385 ‚‚scribe:
1105 2333 1186 2377 οὐκ
1218 2330 1664 2403 ἀποδοκιμαζομεν“

239 2393 356 2446 κτλ.,
392 2390 443 2431 R.
474 2390 517 2430 in
549 2390 681 2432 notis:
721 2391 849 2445 „lege
881 2407 977 2433 cum
1006 2390 1293 2450 Hieronymo:
1327 2388 1408 2435 οὐκ
1440 2388 1665 2433 ἀποδοκι-

237 2424 496 2509 (,ιοὶζομεν.66

1725 2161 1734 2216 ...Α

357 2518 402 2584 ⁴)
430 2517 487 2559 Η.
518 2528 559 2558 et
587 2518 638 2559 R.
677 2517 721 2559 in
758 2529 897 2560 textu:
957 2515 1325 2583 ,,ἱερεύοντες,“
1345 2516 1400 2559 Η.
1433 2528 1573 2559 tamen
1612 2515 1665 2557 ad
1718 2572 1721 2573 ⁷

239 2574 490 2629 marginem.
530 2573 721 2625 „sex-ibe:
767 2573 1038 2655 εὑρόντες,“
1075 2574 1126 2616 R.
1157 2590 1201 2615 ιιι
1235 2573 1370 2616 notis:
1410 2574 1537 2629 „lege
1568 2587 1664 2616 cum
1724 2587 1727 2594 ·

240 2632 526 2691 Hieronymo:
557 2629 794 2690 εὑρόντες.ς

360 2704 403 2759 ⁵)
434 2701 520 2744 Cfr.
550 2716 641 2757 pag.
671 2701 766 2746 221.
796 2713 885 2744 not.
917 2701 956 2746 3.

361 2774 404 2827 ⁶)
433 2772 488 2814 H.
519 2773 572 2813 ad
601 2772 852 2825 marginem:
883 2770 1075 2825 ‚,scrihe:
1108 2772 1274 2820 τινές.“

363 2843 405 2899 ⁷)
434 2842 588 2887 Jerem.
616 2843 725 2895 XII,
755 2842 820 2887 13.
940 2842 984 2899 8)
1013 2842 1093 2883 Ed.
1122 2842 1174 2883 R.
1204 2841 1572 2897 ,,καθέσεσθαι.“
