1763 3112
298 97 382 143 430
742 109 797 138 nx
830 95 1040 138 OmGENE
1072 94 1275 136 SEU-:cn

413 209 729 268 ‚,Znsl9ms¹)
768 207 992 268 πυρούς.“
1049 210 1298 264 Σπείρουσι
1329 207 1380 251 δὲ
1409 207 1608 265 πυροὺς,
1637 214 1714 254 καὶ

296 293 553 350 θερίζουσιν
581 284 789 335 ἀκάνθας
819 288 864 330 οἱ
892 290 986 335 τοῖς
1022 284 1111 342 μὲν
1149 282 1304 342 λόγοις
1342 283 1604 342 ὁμιλοῦντες
1631 292 1712 333 τοῦ

295 369 424 423 θεοῦ,
455 365 517 424 μὴ
552 367 707 416 ζῶντες
737 364 788 408 δὲ
816 362 909 407 κατ’
945 359 1075 418 αὐτὰ,
1106 359 1442 418 ἢπιστεὺοντες
1466 361 1526 414 ὠς
1555 366 1716 416 παῖδες

294 448 543 503 αἱρετικῶν.

410 521 592 578 ,,Καὶ2)
632 521 789 576 κλῆροι
829 516 979 561 αὐτῶν
1019 516 1100 561 οὐκ
1145 515 1463 576 ὠφελήσουσιν
1500 518 1713 570 αὐτούς.“

294 604 466 659 Λέγοις
503 597 541 642 δ’
583 594 642 641 ἂν
684 596 803 653 μηδὲ
841 593 944 644 τοὺς
984 594 1170 652 ἔχοντας
1200 599 1369 652 κλῆρον
1398 599 1713 652 ἐκκλησιαστι-

295 678 379 724 κόν
410 677 611 735 ὀφείλειν
641 674 719 717 ἐπὶ
755 670 900 729 τούτῳ
930 674 1143 733 θαρρεῖν,
1185 673 1245 723 ὠς
1285 672 1441 726 σώζειν
1471 676 1714 732 δυναμένῳ

292 753 467 803 πάντας
498 751 602 801 τοὺς
631 753 831 809 ἔχοντας.
899 747 1050 795 Πόσοι
1079 750 1169 809 γὰρ
1201 752 1255 796 δι’
1289 753 1436 811 ἔργων
1465 748 1714 809 γεγόνασιν

289 829 472 884 &Situm
510 830 588 874 Ἐκ
626 831 796 873 λαϊκῶν
834 828 884 872 δὲ
914 827 1053 873 πόσοι
1081 827 1322 888 μακάριοις
1368 828 1499 884 Πλῆν
1532 831 1714 884 „chwa-

291 912 362 954 τοὶ
376 909 417 966 ³)
441 911 644 958 δυνατῶς
663 905 1043 962 ἐτασθήσονται.“
1092 906 1231 950 Καθὰ
1261 906 1351 965 γὰρ
1371 904 1555 957 Παῦλός
1581 921 1710 964 φησι·

290 991 514 1044 ,,ζητεῖται
531 986 575 1042 ⁴)
617 987 667 1030 δὲ
705 986 755 1030 ἐν
784 989 879 1034 τοῖς
909 982 1191 1042 οἰκονόμοις,
1234 989 1311 1030 ἵνα
1351 983 1508 1035 πιστός
1535 1001 1600 1034 τις
1630 983 1708 1029 εὑ-
1746 964 1763 969 -

289 1066 452 1126 ρεθῇ.ίί

399 1138 780 1198 ,,Λῗσχύνθητε5)
822 1137 913 1182 ἀπὸ
944 1137 1202 1196 καυχήσεως
1233 1138 1413 1197 ὑμῶν.“
1471 1137 1711 1196 Καύχησιν

288 1219 569 1278 ὀνειδισμοῦ,
601 1219 679 1260 καὶ
709 1213 924 1273 αῗσχύνης
947 1219 1061 1274 φησὶ
1086 1215 1167 1271 τὴν
1193 1218 1268 1260 ἐπὶ
1283 1214 1465 1273 πλούτῳ
1488 1219 1563 1260 καὶ
1581 1213 1708 1277 ῥώμῃ

289 1299 366 1342 καὶ
396 1294 552 1340 κάλλει
591 1297 668 1338 καὶ
707 1296 798 1337 τῶν
837 1290 1014 1352 ὁμοίων
1044 1296 1329 1352 σωματικῶν.
1385 1291 1489 1337 Κᾶν
1527 1295 1628 1354 ἔχῃς
1657 1295 1710 1337 δέ

285 1392 326 1419 τι
355 1377 619 1433 προτέρημα
649 1370 868 1429 ψυχικὸν,
901 1369 953 1414 οὐ
985 1369 1202 1432 καυχήσῃ,
1233 1368 1509 1428 πειθόμενος
1537 1372 1597 1427 τῷ
1630 1374 1706 1414 λε’-

285 1464 441 1511 γοντι·
484 1449 582 1508 ,,μὴ
599 1449 641 1508 ⁶)
685 1446 935 1506 καυχάσθω
977 1447 999 1493 ὁ
1041 1446 1268 1507 φρόνιμος
1306 1450 1357 1493 ἐν
1394 1450 1443 1509 τῇ
1483 1445 1705 1505 φρονήσει

286 1530 444 1586 αὐτοῦ,
476 1526 603 1586 ἰσχύϊ
629 1544 676 1572 τε
705 1530 783 1570 καὶ
811 1524 1060 1584 πλούτῳ,“
1091 1526 1184 1570 ἀλλ’
1220 1527 1271 1570 ἓν
1300 1529 1360 1584 τῷ
1393 1529 1596 1569 συνιέναι
1627 1528 1704 1569 καὶ

283 1605 528 1666 γινώσκειν
556 1604 637 1650 τὸν
665 1603 846 1664 κύριον,
887 1608 1059 1663 λέγων·
1098 1603 1294 1663 ,,ἒμοὶ7)
1332 1605 1382 1648 δὲ
1420 1602 1482 1661 μὴ
1523 1607 1701 1660 γένοιτο

284 1687 571 1743 καυχᾶσθαι,
604 1685 643 1729 εἰ
671 1681 735 1740 μὴ
767 1683 818 1727 ἐν
846 1686 909 1740 τῷ
943 1686 1120 1740 σταυρῷ
1151 1685 1233 1726 τοῦ
1265 1686 1424 1741 κυρίου
1455 1679 1587 1738 ἡμῶν
1613 1681 1702 1737 Ἰη-

284 1766 368 1808 σοῦ
401 1762 655 1821 Χριστοῦ.“
713 1764 807 1805 Καὶ
836 1758 1000 1806 πάλιν·
1043 1758 1238 1816 „fithom
1253 1759 1297 1817 ⁸)
1335 1757 1623 1817 καυχήσομαι
1653 1759 1703 1803 ἒν

282 1846 379 1890 ταῖς
410 1839 666 1887 ἀσθενείαις
693 1855 811 1897 μου,
848 1842 926 1883 ἵνα
965 1835 1251 1899 ἐπισκηνώσῃ
1281 1836 1348 1882 ἐπ’
1385 1837 1465 1895 ἐμὲ
1496 1835 1521 1891 ἡ
1554 1832 1699 1882 δύνα-

280 1936 358 1976 μις
385 1920 464 1964 τοῦ
495 1917 749 1977 Χριστοῦ.“

398 2126 439 2182 ¹)
468 2124 626 2166 Jerem'.
656 2121 756 2172 XII,
788 2118 853 2163 13.
885 2117 984 2160 coll.
1014 2117 1142 2158 Hom.
1175 2117 1228 2157 X.

393 2195 437 2251 ²)
467 2193 623 2236 Jerem.
654 2191 751 2242 XII,
784 2188 849 2234 13.
883 2189 980 2230 coll.
1016 2189 1144 2229 Hom.
1176 2187 1252 2228 XI.

393 2266 435 2321 3)
467 2265 565 2320 Sap.
598 2263 755 2305 Salom.
786 2261 861 2301 VI.
892 2258 932 2302 6.
1050 2258 1092 2315 ⁴²)
1123 2258 1142 2297 I
1176 2257 1273 2298 Cor.
1303 2257 1376 2307 IV,
1407 2255 1444 2298 2.

393 2335 434 2389 5)
464 2334 621 2376 Jerem.
651 2333 751 2382 XII,
782 2330 847 2374 13.
879 2329 976 2370 coll.
1008 2329 1135 2369 Hom.
1166 2328 1242 2368 XI.

391 2406 435 2460 ὃ)
468 2405 555 2446 Cfr.
583 2404 742 2446 Jerem.
773 2400 849 2451 IX,
878 2399 946 2444 23.
972 2399 1040 2442 24.
1162 2398 1202 2454 ⁷)
1236 2397 1322 2438 Cfr.
1354 2396 1447 2437 Gal.
1478 2396 1552 2443 VI,
1585 2395 1649 2437 14.

391 2474 435 2529 ⁸)
466 2475 508 2515 11
540 2474 637 2516 cor.
667 2473 766 2523 ΧΠ,
796 2470 834 2514 9.
