1734 3112
614 113 813 156 HommA
853 112 902 153 V.
1391 115 1471 159 171

96 223 106 237 .
232 227 282 251 „1
411 226 431 236 -
470 223 480 236 ι
539 227 558 235 -
613 226 643 247 <c
774 222 785 236 ,
947 225 956 238 .
1021 223 1032 237 ‚
1074 223 1082 236 .
1121 222 1131 236 ,
1184 222 1192 236 .
1284 228 1302 236 „

58 241 124 271 το·
157 242 251 282 ,,τῳ
290 226 308 282 )
340 230 432 280 θεῳ
459 241 605 280 υμων.
686 229 880 280 Νοησεις
909 225 960 267 δε
980 241 1088 268 αυτο
1107 240 1198 267 απο
1224 240 1303 268 του
1323 243 1477 286 παρα-

59 304 302 359 δείγματος
331 303 410 344 τοῦ
441 303 675 357 αἰσθητοῦ·
704 305 1064 359 περιτέμνονται,
1097 298 1209 344 κατὰ
1230 299 1279 345 τό
1311 307 1478 358 αἰσθη-

60 379 140 424 τὸν
168 383 298 436 λέγω,
332 377 383 420 οὐ
412 375 562 434 μόνον
593 380 637 421 οἱ
665 379 713 421 ἔκ
742 381 989 437 περιτομῆς
1018 375 1132 421 κατὰ
1162 376 1243 421 τὸν
1271 383 1478 429 Ῐνῖωσέως

61 454 220 514 νόμον,
251 453 363 497 ἀλλὰ
378 456 419 510 2)
452 458 528 497 καὶ
560 450 686 498 ι’ἔλλοι
708 458 884 499 πολλοί.
937 459 1040 498 Τῶν
1055 459 1326 511 Αἰγυπτίων
1343 455 1479 501 εἰδώ-

58 537 152 581 λοις
188 534 231 576 οἱ
275 533 406 588 ἱερεῖς
448 537 817 591 περιτέμνονται·
862 532 953 575 ἀλλ’
998 534 1145 588 ἐκείνη
1190 531 1216 588 ἦ
1257 531 1478 590 περιτομὴ

61 607 263 658 εἰδώλοις
290 607 510 666 περιτομή
545 611 657 664 ἔστι,
689 613 767 652 καὶ
799 610 881 654 οὐκ
911 611 1003 654 ἔστι
1041 613 1102 666 τῷ
1136 612 1228 666 θεῷ
1258 614 1478 667 γινομένη

59 683 304 744 περιτομή·
344 683 368 740 ἡ
412 687 460 730 δὲ
498 685 731 730 Ἰουδαίων
770 685 885 744 τάχα
926 684 1107 736 πάντως
1146 684 1244 732 τότε
1286 691 1347 744 τῷ
1386 690 1481 744 θεῷ

60 765 246 820 ἐγίνετο.
299 762 410 805 Ἐὰν
449 755 532 806 οὖν
568 767 674 823 λέγῃ
716 761 738 807 ὁ
780 761 938 820 λόγος·
983 761 1380 821 ,,περιτμήθητε3)
1419 768 1480 822 τῷ

61 843 154 896 θεῷ
187 838 384 893 ὑμῶν’(ί
438 839 602 894 νοήσας
642 839 692 884 τὸ
723 840 879 899 ῥητὸν,
930 840 1155 899 μετάβηθι
1186 846 1264 885 καὶ
1295 844 1372 886 ἐπὶ
1401 841 1483 898 τὴν

59 920 388 976 τροπολογίαν,
421 920 496 960 ἵνα
528 915 667 978 εὕρῃς,
699 921 796 967 πῶς
825 920 914 961 τῶν
943 922 1344 976 περιτεμνομένων
1374 937 1482 977 τρο-

59 998 329 1050 πολογικῶς,
361 991 460 1037 ὥστ’
494 991 552 1038 ἂν
581 999 726 1040 εἰπεῖν
741 993 784 1051 ⁴)
819 993 935 1051 τάχα
972 994 1097 1044 τινας
1136 995 1313 1040 αὐτῶν·
1355 994 1485 1053 ἡμεῖς

64 1075 203 1130 ἔσμεν
232 1072 258 1128 ἡ
289 1069 540 1131 περιτομή·
582 1075 625 1116 οἱ
664 1073 753 1130 μὲν
791 1075 1140 1131 περιτέμνονται
1181 1076 1241 1130 τῷ
1282 1077 1404 1132 θεῷ,
1442 1076 1486 1118 οἱ

61 1152 112 1195 δὲ
141 1154 481 1207 περιτέιινονται
513 1149 615 1206 μὲν,
649 1149 702 1193 οὐ
733 1153 794 1206 τῷ
826 1152 919 1207 θεῷ
953 1151 1018 1195 δέ.
1074 1152 1182 1193 Εἰσὶ
1214 1151 1264 1194 δὲ
1293 1154 1369 1194 καὶ
1401 1147 1486 1194 ἰέλ-

65 1232 136 1273 λοι
164 1225 294 1284 λόγοι
323 1225 506 1285 παριὶ5)
546 1225 626 1269 τὸν
665 1224 807 1284 λόγον
843 1226 924 1271 τὸν
962 1229 1038 1281 τῆς
1084 1226 1319 1282 ἀληθείας,
1360 1225 1485 1282 παρὰ

63 1303 144 1350 τὸν
172 1302 314 1363 λόγον
347 1303 427 1348 τὸν
457 1306 531 1358 τῆς
570 1305 819 1359 ἐκκλησίας.
893 1308 1249 1362 ΙΙεριτέμνονται
1287 1302 1340 1346 τὰ
1382 1300 1483 1360 ἤθη,

65 1385 142 1427 καὶ
171 1381 253 1437 τὴν
287 1382 504 1440 καρδίαν,
541 1377 653 1424 ὥστε
685 1385 844 1437 εἰπεῖν,
879 1384 1243 1440 σωφρονίζουσιν
1274 1383 1317 1424 οἱ
1346 1384 1486 1438 φιλο-

66 1462 341 1517 σοφοῦντες,
386 1459 748 1515 σωφρονίζουσιν
788 1461 831 1502 οἱ
870 1457 967 1503 α’πὸ
1011 1461 1100 1502 τῶν
1132 1460 1370 1517 αἱρέσεων,
1410 1460 1488 1501 καὶ

65 1542 239 1594 γίνεται
280 1534 431 1582 αὐτοῖς
468 1533 715 1590 περιτομή·
759 1535 873 1579 ἀλλὰ
915 1533 1136 1593 περιτομὴ
1176 1535 1290 1593 μὲν,
1331 1534 1384 1578 οὐ
1424 1537 1486 1592 τῷ

66 1616 161 1670 θεῷ
193 1614 256 1656 δέ.
330 1609 560 1668 ΙΙεριτομὴ
591 1611 681 1669 γὰρ
712 1610 834 1670 λόγῳ
866 1615 1031 1668 ψευδεῖ
1055 1612 1159 1670 παρ’
1194 1613 1383 1660 ἐκείνοις
1409 1616 1488 1669 γί-

68 1706 206 1735 νεται.
255 1687 393 1733 Ὅταν
423 1688 472 1732 δὲ
503 1687 616 1731 κατὰ
647 1687 726 1734 τὸν
755 1688 1124 1745 ἐκκλησιαστικὸν
1150 1686 1341 1744 κάνονα,
1374 1687 1487 1732 κατὰ

66 1766 148 1824 τὴν
176 1765 400 1826 πρόθεσιν
439 1768 513 1820 τῆς
548 1763 704 1824 ὑγιοῦς
743 1768 1038 1817 διδασκαλίας
1066 1766 1333 1817 κοινωνικὸς
1347 1767 1390 1824 ⁵)
1422 1758 1487 1822 ἧς,

186 1998 226 2052 ¹)
255 1998 410 2038 Jerem.
442 1997 516 2047 IV,
547 1996 587 2039 4.

184 2068 229 2124 ²)
259 2068 314 2109 Η.
344 2067 389 2108 in
416 2077 557 2108 textu:
588 2062 732 2116 „ama
764 2068 840 2108 καὶ
871 2061 1000 2109 ιἰλλοι
1029 2066 1194 2109 πολλοὶ
1223 2069 1315 2110 τῶν
1336 2071 1491 2122 Αἰγυ-

69 2128 230 2167 πτίων.
287 2121 545 2172 Εἰδωλοιςςς
588 2124 703 2177 κτλ,
748 2121 789 2163 in
824 2122 957 2163 notis.
997 2122 1125 2172 „haec
1165 2139 1261 2163 cum
1300 2139 1418 2188 seqq.
1445 2123 1490 2164 in

72 2181 178 2222 Cod.
208 2180 342 2222 Vatic.
373 2181 669 2231 cohaerebant3
702 2195 806 2246 quae
837 2179 895 2220 ita
926 2178 1204 2231 distinguebat
1235 2179 1489 2221 Ghislerius:

72 2235 131 2284 ὥς
162 2239 204 2280 οἱ
232 2240 320 2280 τῶν
348 2241 618 2293 Αἰγυπτίων
648 2234 850 2284 εἰδώλοις
878 2238 1008 2292 ἱερεῖς
1037 2212 1126 2278 κῦτ..)
1196 2237 1336 2287 Lego:
1376 2235 1490 2279 ἀλλὰ

73 2296 150 2336 καὶ
166 2288 291 2336 ι’ἱλλοι
307 2297 481 2337 πολ..λοι
518 2296 623 2335 Τῶν
639 2296 912 2350 Αἰγυπτίων
921 2281 1134 2341 εἰδώλοις
1150 2294 1192 2335 οἱ
1211 2294 1247 2335 ἱε
1256 2294 1377 2351 (ιεῖςίί
1395 2297 1488 2336 κτλ.

190 2361 234 2418 ³)
262 2363 416 2405 Jerem.
445 2364 519 2413 IV,
549 2363 586 2406 4.

190 2431 232 2487 ⁴²)
262 2433 312 2473 R.
351 2432 395 2474 in
430 2433 562 2474 notis:
607 2433 743 2483 „Cotl
783 2431 960 2475 Scorial.
1013 2430 1178 2487 (itemq.
1218 2432 1312 2472 edd.
1352 2432 1406 2474 H.
1449 2432 1490 2472 in

76 2489 235 2544 textu):
267 2493 412 2533 εἰπεῖν
446 2486 571 2555 τάχα
597 2491 761 2538 uve‘g.‘
803 2513 855 2519 —
894 2489 948 2529 H·
979 2489 1032 2529 ad
1060 2488 1310 2541 marginem:
1351 2489 1488 2539 „Cod-

73 2545 316 2586 Vaticanus.
347 2549 492 2589 εἰπεῖν
521 2561 634 2601 ταχα
663 2544 819 2595 umis!

192 2616 234 2672 ⁵)
263 2616 425 2657 Verba:
471 2632 628 2668 „napa
673 2613 750 2658 τὸν
793 2613 933 2680 λόγον
979 2614 1059 2660 τὸν
1106 2618 1182 2669 τῆς
1228 2613 1489 2677 ἀληΊειΝας,

79 2671 231 2714 amissa
260 2683 357 2713 sunt
386 2671 429 2712 in
460 2671 554 2711 edd.
587 2671 772 2711 Huetii'
761 2671 922 2713 meuria
951 2671 1224 2737 typographi,
1254 2669 1288 2710 si
1319 2669 1490 2724 quidem

76 2728 281 2826 {abeatur
309 2745 404 2769 cum
434 2727 476 2768 in
508 2727 614 2769 Cod
645 2726 863 2778 Vaticano,
892 2739 983 2769 tum
1013 2744 1056 2769 m
1088 2728 1194 2770 Cod.
1222 2725 1490 2770 scorialensi

117 2801 242 2827 uaeus

191 2856 234 2912 ὅ)
263 2854 431 2901 Excidit
461 2871 562 2896 vox:
595 2850 945 2911 ,,κοινωνικός,“
986 2853 1028 2895 in
1059 2853 1152 2894 edd.
1187 2850 1354 2901 Huetii,
1393 2850 1491 2892 licet
