1734 3112
342 90 410 135 Ex
439 91 574 134 onm.
605 101 653 132 m
685 88 1152 132 CANT.⁷CANTICORUM.
1403 88 1458 132 99

31 216 121 244 των
173 198 286 246 εἶναι
327 206 404 248 καὶ
444 206 815 263 πεπληρωμένων
863 200 1156 256 σκοτεινοῦι)
1201 197 1364 249 ὕδατος
1403 202 1452 243 ἐν

33 283 243 337 νεφέλαις
290 281 448 339 ἀέρων.
530 283 646 341 Περὶ
690 271 754 324 ὧν
798 276 925 325 εἶπεν
970 278 993 323 ὁ
1035 275 1156 333 Ἰώβ·
1205 277 1361 335 ,,τίς2)
1403 279 1453 321 δὲ

29 354 246 416 ἡτοίμασε
275 355 431 416 κόρακι
464 356 635 416 βοράν·
678 360 860 403 νεοσσοὶ
900 358 951 401 δὲ
981 355 1120 400 αὐτοῦ
1150 353 1265 414 πρὸς
1294 352 1451 410 κόριον

28 431 374 495 κεκριὶξονται.“
419 434 663 492 “Ητοι’μασε
692 434 783 495 γὰρ
813 441 904 486 τοῖς
932 438 1198 491 βαθυτέροις
1227 431 1307 477 τὸν
1337 434 1451 476 νοῦν

30 511 203 568 πολλὴν
230 512 407 572 τροφὴν
437 512 460 558 ὁ
492 511 622 564 θεός·
664 505 729 558 ὧν
760 517 804 559 οἱ
829 516 1034 573 μαθηταὶ
1065 514 1262 566 νεοσσοὶ,
1297 509 1449 567 εὐχαῖς

31 588 317 646 σχολάζοντες
353 589 468 648 πρὸς
509 589 668 650 κύριον
716 591 990 650 κεκράγασι,
1041 586 1336 646 πλανώμενοι
1373 589 1451 631 καὶ

29 669 253 722 ζητοῦντες
285 666 337 711 τὰ
367 675 461 719 τοῖς
490 670 887 729 ἐπαπορουμένοις
919 667 990 712 ὑπ’
1026 666 1177 712 αὐτῶν
1208 672 1321 710 σῖτα.

138 744 398 803 ,,Σιαγόνες
419 747 466 803 ³)
516 746 652 791 αὐτοῦ
709 745 766 796 ὥς
819 745 981 805 ᾳιιὲλαι
1025 747 1105 790 τοῦ
1159 742 1451 803 ἀρώματος.“

26 820 253 880 Σιαγόνας
283 826 497 884 Χριστοῦ,
532 823 635 874 τοὺς
665 816 1051 882 διακονουμένους
1080 820 1202 880 λόγῳ
1230 824 1343 867 θεοῦ
1373 824 1450 866 καὶ

27 903 170 961 τροφῇ
200 904 483 962 πνευματικῇ
515 905 724 958 νοητέον·
758 901 834 946 διὰ
864 903 952 958 μὲν
980 900 1062 957 τὴν
1090 898 1346 956 πληρότητα
1377 901 1453 955 τῆς

28 975 215 1028 εὐωδίας
244 982 334 1024 τῶν
364 982 514 1040 καλῶν
546 981 693 1038 ἔργων
734 983 811 1023 καὶ
848 978 999 1036 λόγων
1029 976 1232 1028 ἐοικότας
1263 975 1451 1036 φιάλαις

29 1057 105 1099 τοῦ
137 1043 517 1116 &adflatos-⁴151&
549 1058 599 1101 δὲ
630 1057 678 1102 τὸ
711 1058 1010 1119 ἕρριζωμένον
1039 1058 1090 1101 ἓν
1119 1055 1296 1111 αὐταῖς,
1341 1072 1451 1100 ποι-

27 1134 153 1177 κίλον
191 1135 241 1178 ἒν
275 1132 399 1196 πάσῃ
441 1138 651 1180 συνθέσει
688 1139 871 1197 γραφῆς
909 1133 1050 1194 λόγον
1090 1133 1160 1179 ἀεὶ
1200 1149 1448 1195 καρποφο-

29 1212 216 1269 ροῦντας
243 1210 520 1271 μυρεψικόν.

137 1293 345 1345 ,,Κοιλία
368 1290 412 1348 ⁴²)
458 1290 596 1335 αὐτοῦ
641 1295 806 1341 πυξίον
853 1286 1204 1348 ἒλεφάντινον.“
1282 1291 1447 1332 Κοιλία

28 1365 120 1409 ἐστὶ
158 1369 238 1411 τοῦ
276 1366 416 1425 λόγου
456 1370 500 1412 οἱ
521 1372 769 1426 χωρητικοὶ
798 1371 890 1412 τῶν
916 1371 1191 1426 μυστηρίων,
1223 1370 1452 1410 τουτέστιν

0 1445 72 1487 ποῖ
108 1447 253 1488 κοῖλοι
292 1443 405 1503 πρὸς
442 1443 708 1502 ὑποδοχήν·
749 1449 914 1495 πυξίον
954 1446 997 1488 οἱ
1034 1443 1147 1500 πρὸς
1184 1441 1451 1503 διατήρησιν

0 1513 1 1529 ’
28 1518 288 1577 ἐπιτήδειοι.
331 1521 460 1565 Κατὰ
490 1521 539 1567 τὸ
563 1522 778 1583 λαμπρὸν
802 1527 879 1566 καὶ
902 1522 1059 1580 σαφὲς,
1092 1518 1448 1579 ἒλεφάντινον5)

31 1594 147 1643 εἶναι
177 1603 368 1657 λέγεται.
437 1597 498 1642 ‘H
524 1600 575 1644 δὲ
603 1599 787 1656 τοιαύτη
818 1603 965 1643 κοιλία
994 1597 1044 1642 τὸ
1076 1602 1241 1648 πυξίον
1270 1597 1319 1643 τὸ
1351 1600 1452 1645 ἕλε-

29 1673 266 1734 φάντινον,
299 1677 561 1733 ἐπιβέβληκε
590 1681 705 1734 λίθῳ
736 1681 1000 1735 σαπφείρῳ,
1035 1692 1084 1724 ος
1114 1675 1205 1718 ἐστι
1240 1673 1449 1734 Χριστός.

18 1750 147 1798 Ὅσοι
178 1747 260 1799 οὖν
302 1757 387 1800 εῗσι
422 1758 571 1800 κοιλία
602 1758 681 1800 τοῦ
712 1753 876 1812 λόγου,
912 1744 1034 1798 οῦτοι
1066 1752 1157 1797 ἀπὸ
1189 1755 1268 1797 τοῦ
1299 1751 1450 1812 φόβου

2 1836 186 1890 κυρίου
225 1833 274 1877 ἒν
310 1836 473 1891 γαστρὶ
500 1831 878 1890 λαιιβιὶνουσιῧ),
926 1833 999 1873 καὶ
1041 1835 1238 1874 τίκτουσι
1266 1834 1451 1890 πνεῦμα

4 1914 265 1969 σωτηρίας.
330 1910 422 1954 Διά
461 1913 592 1956 τοῦτο
634 1914 711 1955 καὶ
749 1908 775 1966 ἡ
815 1911 963 1954 κοιλία
1002 1911 1077 1964 τῆς
1116 1912 1279 1958 θυσίας
1308 1910 1358 1954 ἓν
1388 1912 1449 1968 τῷ

31 1990 254 2046 Λευιτικῷ
272 1988 313 2046 ⁷)
344 1987 574 2045 πλύνεται,
607 1988 666 2039 ὠς
696 1988 843 2047 μηδὲν
871 1988 992 2044 ἔχειν
1020 1987 1269 2042 κοπρῶὸες.

7 2122 10 2131 Ι
141 2066 303 2122 ,,Καλὴ
320 2067 367 2124 8)
407 2062 450 2112 εἶ
484 2065 511 2122 ἡ
550 2069 747 2122 πλησίον
782 2082 875 2124 μου
920 2062 978 2113 ὠς
1016 2063 1249 2108 εὐδοκία.“
1312 2062 1451 2110 Ὅσον

8 2145 223 2198 πλησίον
251 2149 423 2200 γίνεται
462 2147 540 2189 τοῦ
582 2148 815 2203 νυμφίου,
861 2145 1111 2201 κρείττοσιν
1148 2140 1446 2193 ἀπεικάζεται.

1219 2222 1248 2243 “
1279 2223 1449 2278 προσέ-

10 2223 110 2278 Τῷ
147 2220 258 2280 γάρ·
298 2220 442 2278 ,,καλὴ
458 2221 525 2280 9),
569 2225 644 2266 καὶ
676 2221 841 2280 ὡραία,
882 2223 959 2264 καὶ
987 2223 1205 2275 πλησίον·

12 2295 145 2353 ζθηκε
183 2296 261 2342 τό·
307 2298 401 2356 »ὡς
435 2297 777 2361 Ἰερουσαλήμ(ι
854 2300 947 2342 Καὶ
991 2295 1356 2353 καταπληκτικὴν
1399 2298 1452 2342 δὲ

16 2364 116 2435 ’,τὴν
146 2377 488 2434 τετελειωμένην
517 2380 661 2437 φησὶν
690 2378 955 2433 ἐκκλησίαν·
990 2373 1053 2432 πὴ
1082 2375 1171 2434 μὲν
1199 2380 1294 2426 ταῖς
1323 2376 1451 2421 ἀντι-

149 2556 190 2613 ¹)
221 2556 307 2599 Cfr.
337 2557 492 2599 Psalm.
521 2557 682 2610 XVIII,
713 2558 778 2603 11.
811 2558 992 2616 (XVII.)

148 2627 192 2683 2)
224 2627 309 2670 Cfr.
338 2628 436 2668 Job.
466 2627 711 2679 XXXVIII,
742 2627 809 2671 41.
930 2628 973 2682 3)
1011 2626 1171 2670 Cantic.
1201 2627 1254 2677 V,
1284 2625 1349 2669 13.

149 2697 192 2750 ⁴)
226 2696 383 2739 Cantic.
414 2698 466 2747 V,
501 2696 566 2739 14.
689 2698 729 2754 ⁵)
762 2697 848 2740 Cfr.
882 2696 1040 2739 Cantic.
1070 2698 1122 2748 V,
1153 2696 1220 2741 14.

148 2766 189 2822 ὅ)
224 2766 309 2810 Cfr.
340 2767 463 2808 Jesai.
494 2767 653 2819 XXVI,
686 2765 751 2811 18.
882 2767 922 2823 ⁷)
955 2768 1042 2809 Cfr.
1073 2767 1206 2810 Levit.
1236 2766 1354 2817 VllI,
1383 2764 1451 2813 21.

146 2835 189 2892 ⁸)
220 2836 380 2879 Cantic.
407 2837 482 2889 VI,
512 2837 551 2880 3.
672 2838 716 2894 ⁹)
747 2836 835 2879 Cfr.
867 2835 1027 2879 Cantic.
1059 2839 1132 2890 VI,
1163 2838 1200 2882 3.

1035 2913 1098 2957 7*
