1734 3112
654 79 796 121 Lmssn
825 78 904 120 III.
1438 76 1488 122 61

76 211 187 237 eum.
247 195 355 236 Cum
385 208 486 234 vero
516 190 706 233 visitatur
745 207 767 232 a
798 192 927 233 verbo
958 189 1043 232 Dei
1071 190 1302 230 secundum
1333 207 1493 248 propo-

75 273 143 314 siti
163 273 200 330 ¹)
232 269 424 313 versiculi
452 285 640 319 sensum,
685 285 762 325 per
789 280 955 309 montes
986 266 1136 308 saliens
1169 267 1308 308 venire
1341 269 1494 310 dicitur

78 351 130 391 ad
162 366 272 391 eam:
316 348 500 390 excelsos
531 347 692 389 scilicet
724 359 764 388 et
796 346 979 388 elevatos
1010 345 1199 387 revelans
1232 346 1270 386 ei
1301 347 1494 387 coelestis

76 428 272 470 scientiae
301 442 465 475 sensus,
504 425 560 466 ita
591 436 638 466 ut
666 424 884 480 perveniat
914 440 1045 480 usque
1077 423 1129 463 ad
1157 423 1492 465 aedificationem

77 505 288 555 ecclesiae,
321 520 425 560 quae
455 515 515 544 est
538 504 689 544 domus
710 502 795 543 Dei
820 502 918 552 vivi,
951 502 1160 552 columna,
1194 513 1234 542 et
1257 502 1494 544 firmamen-

75 595 164 624 tum
194 581 399 632 veritatis,
432 594 472 622 et
501 593 582 622 stet
611 580 723 638 juxta
742 580 973 636 parietem,
1006 579 1132 634 vel²)
1154 591 1251 635 post
1274 580 1494 636 parietem,

74 672 120 701 ut
147 676 284 716 neque
313 659 481 716 penitus
512 659 813 709 abscondatur,
858 673 995 714 neque
1036 656 1210 698 omnino
1249 657 1292 699 in
1321 672 1494 715 promtu

74 738 136 780 sit.
194 738 384 779 Verbum
428 737 539 779 enim
567 736 674 788 Dei,
722 748 764 778 et
800 752 940 778 sermo
979 735 1175 777 scientiae
1213 753 1299 777 non
1336 736 1379 778 in
1417 755 1494 794 pu-

71 816 185 857 blico
226 827 267 857 et
296 815 437 872 palam
465 814 650 871 positus,
694 830 831 870 neque
873 814 1183 856 conculcandus
1212 814 1392 870 pedibus
1423 832 1494 872 ap-

72 905 211 951 paret:
253 894 351 944 sed,
392 909 488 934 cum
519 892 729 949 quaesitus
760 891 912 942 fuerit,
949 891 1182 943 invenitur,
1216 904 1256 933 et
1285 892 1495 934 invenitur

71 988 178 1022 non,
212 983 259 1013 ut
290 970 490 1020 diximus,
534 969 578 1011 in
608 970 839 1027 propatulo
871 969 1054 1026 positus,
1093 971 1167 1011 sed
1199 972 1412 1023 obtectus,
1454 984 1493 1013 et

73 1050 189 1106 quasi
216 1061 315 1106 post
342 1047 549 1106 parietem
579 1047 722 1090 latens.
782 1048 936 1090 Anima
965 1060 1118 1099 autem,
1151 1065 1255 1105 quae
1286 1049 1329 1090 in
1361 1050 1496 1091 eccle·

72 1127 131 1169 sia
169 1144 255 1170 esse
299 1126 475 1178 dicitur,
525 1143 612 1168 non
655 1125 764 1166 intra
810 1126 1001 1168 aedificia
1036 1126 1247 1183 parietum
1287 1128 1495 1169 collocata

72 1204 342 1258 intelligitur,
380 1206 454 1246 sed
483 1204 591 1246 intra
620 1205 880 1246 munimenta
910 1204 1012 1245 fidei
1042 1216 1084 1246 et
1112 1205 1304 1247 aedificia
1333 1206 1495 1262 sapien-

70 1282 151 1324 tiae
181 1282 342 1339 posita,
381 1281 585 1338 celsisque
615 1281 786 1335 fastigiis
803 1282 844 1338 ³)
876 1282 1057 1324 caritatis
1088 1285 1268 1325 obtecta.
1327 1284 1495 1340 Propo-

70 1360 196 1402 situm
227 1377 324 1414 ergo
354 1361 539 1409 bonum,
579 1371 619 1400 et
656 1359 762 1400 fides
792 1371 1007 1401 rectorum
1039 1362 1284 1413 dogmatum
1314 1361 1494 1402 animam

72 1453 159 1479 esse
188 1437 233 1478 in
261 1438 392 1479 domo
424 1436 624 1478 ecclesiae
654 1436 777 1477 facit:
822 1437 936 1495 cujus
970 1439 1120 1479 domus
1150 1440 1343 1480 membra
1371 1455 1496 1495 quae-

70 1515 166 1555 dam
204 1526 320 1564 sunt,
366 1529 471 1569 quae
487 1514 530 1569 ἰ)
566 1513 634 1554 vel
678 1514 943 1565 cubiculum,
988 1516 1056 1556 vel
1088 1517 1238 1558 domus
1272 1516 1381 1568 vini,
1428 1517 1493 1557 vel

70 1591 150 1632 alia
179 1590 422 1649 hujusmodi
450 1607 530 1647 pro
561 1590 786 1643 gratiarum
825 1592 986 1634 scilicet
1024 1595 1240 1646 gradihus,
1288 1606 1327 1635 et
1359 1594 1495 1635 dono-

70 1685 164 1709 rum
203 1667 487 1724 spiritualium
528 1668 836 1710 diversitatibus
875 1670 1157 1725 appellantur.
1218 1669 1289 1712 Sic
1325 1686 1422 1723 ergo
1456 1681 1496 1711 et

69 1744 206 1801 paries
224 1746 264 1802 5)
295 1761 406 1786 nunc
434 1762 529 1802 pars
556 1746 761 1802 quaedam
782 1747 933 1787 domus
963 1745 1086 1804 hujus
1117 1758 1190 1797 est,
1221 1763 1326 1803 quae
1356 1759 1497 1804 potest

70 1821 255 1863 indicare
287 1823 531 1875 dogmatum
552 1823 816 1866 firmitatem:
848 1826 924 1866 sub
957 1841 1039 1881 qua
1065 1836 1173 1865 stare
1196 1824 1350 1866 dicitur
1370 1841 1498 1882 spon-

70 1916 151 1951 sus,
183 1912 224 1942 et
252 1900 296 1942 in
327 1901 476 1958 quibus
505 1914 592 1943 tam
613 1917 786 1955 magnus
813 1913 854 1943 et
876 1901 1062 1943 excelsus
1084 1913 1158 1952 est,
1189 1914 1237 1943 ut
1257 1903 1439 1944 emineat
1454 1904 1496 1959 5)

73 1994 197 2020 omne
226 1979 480 2030 aedificium,
512 1991 553 2020 et
582 1979 816 2036 prospiciat
844 1995 1039 2036 sponsam
1057 2012 1067 2030 ,
1097 1980 1143 2020 id
1178 1992 1259 2031 est,
1290 1980 1494 2022 animam:

73 2067 115 2097 et
141 2056 333 2098 nondum
359 2056 532 2113 quidem
572 2069 764 2114 apertum
798 2074 840 2099 se
885 2057 945 2108 ei,
991 2044 1214 2115 totumque
1243 2059 1496 2110 manifestet,

72 2133 146 2174 sed
177 2134 294 2190 quasi
322 2151 400 2191 per
428 2134 534 2176 retia
563 2135 848 2192 prospiciens»,
886 2135 1079 2177 hortetur
1108 2153 1220 2188 eam,
1268 2148 1309 2178 et
1338 2153 1498 2193 provo-

76 2221 161 2261 cet,
210 2227 296 2252 non
327 2212 473 2253 sedere
503 2211 752 2255 intrinsecus
791 2229 981 2267 segnem,
1030 2215 1105 2255 sed
1136 2214 1246 2255 exire
1277 2215 1329 2256 ad
1357 2230 1400 2256 se
1430 2215 1496 2254 fo-

74 2301 161 2326 ras:
213 2298 254 2328 et
284 2288 447 2340 conari,
491 2301 539 2330 ut
566 2306 653 2331 non
681 2289 766 2349 jam
793 2307 872 2347 per
900 2292 1101 2334 fenestras
1133 2304 1173 2333 et
1202 2291 1331 2342 retia,
1359 2306 1497 2347 neque

73 2378 151 2419 per
178 2365 398 2420 speculum
428 2365 471 2408 in
500 2366 754 2421 aenigmate,
796 2370 871 2411 sed
900 2370 1136 2427 procedens
1166 2370 1279 2412 foras
1309 2369 1415 2411 facie
1445 2368 1497 2410 ad

192 2551 233 2609 ¹)
263 2550 372 2594 Edd.
404 2553 467 2596 M.
497 2557 856 2614 „propositum.“
975 2559 1019 2616 2)
1049 2558 1161 2606 Edd.
1191 2559 1252 2603 Μ.
1284 2565 1414 2612 „et.“

188 2623 232 2678 3)
261 2622 371 2664 Edd.
402 2623 463 2666 Μ.
495 2626 762 2681 „vestigiis.“

190 2693 233 2749 ⁴)
262 2693 396 2735 Deest
426 2709 568 2750 „quae
580 2701 605 2721 ‘⁴
634 2695 679 2738 in
709 2697 774 2739 ed.
805 2697 952 2740 Ruaei.

193 2763 235 2819 ⁵)
266 2763 374 2805 Edd.
405 2764 467 2807 M.
498 2780 740 2822 perperam:
773 2775 995 2824 „partes.“

190 2833 235 2889 ⁶)
264 2832 373 2877 Edd.
405 2834 466 2877 M.
498 2833 893 2893 „superemineat.“
