1734 3112
651 77 792 118 Lmssn
823 77 900 118 ΠΙ,
1446 85 1497 130 21

73 192 104 233 si
137 190 286 248 aliquis
316 206 385 231 me
417 198 650 238 errantem,
694 199 735 228 et
765 187 807 228 in
845 188 1097 245 praecipitio
1130 192 1318 247 positum
1347 198 1498 238 mulie--

71 269 157 311 bris
187 267 372 326 peccati,
403 267 454 308 ad
485 267 625 307 lucem
653 277 826 315 tevocet
855 265 1023 322 pietatis
1042 267 1102 322 ¹),
1134 281 1176 310 et
1206 271 1257 311 de
1288 271 1381 327 ipso
1412 274 1495 330 jam

70 346 241 389 interitu
271 343 442 400 eripiat,
482 360 528 384 ac
546 343 586 399 ²)
619 344 802 385 retrahat
835 345 887 384 ad
917 345 1116 396 salutem,
1157 358 1281 404 atque
1316 366 1361 390 ex
1393 350 1494 406 ipsis

70 425 259 467 faucibus
290 432 481 464 aeternae
512 421 661 462 mortis
702 421 872 478 eripiat,
915 439 1000 464 non
1040 423 1118 464 tibi
1150 424 1337 477 videtur,
1378 430 1494 483 quod

67 503 141 544 illa
170 502 282 557 ipsa,
311 500 346 541 si
375 498 467 540 fieri
497 510 660 555 potest,
700 499 965 555 plenitudine
997 500 1199 551 caritatis,
1240 519 1321 558 qua
1349 503 1492 546 Deum

66 578 290 632 diligimus,
322 576 558 630 diligendus
593 577 646 618 sit
674 588 772 633 post
801 577 972 620 Deum?
1028 578 1083 619 Et
1112 595 1165 619 ne
1196 592 1341 636 putes,
1374 584 1492 638 quod

63 673 140 698 nos
179 655 295 709 ita3)
327 671 662 710 praesumamus,
704 654 802 696 audi
841 656 1086 712 apostolum
1115 656 1297 699 Paulum
1331 659 1382 700 de
1413 660 1490 711 his,

64 733 135 791 qui
164 733 208 775 in
237 733 367 774 verbo
399 731 483 773 Dei
515 732 732 783 laborant,
773 732 1003 775 dicentem:
1049 746 1131 785 „ut
1147 736 1189 790 4)
1231 738 1491 793 superabun-
1540 784 1553 795 ..

63 813 209 853 danter
236 809 422 852 habeatis
453 809 496 851 in
526 810 694 852 caritate
722 827 806 861 eos,
840 810 909 867 qui
935 810 1177 868 hujusmodi
1201 826 1296 855 sunt
1312 827 1490 872 propter

61 906 167 946 opus
199 889 431 945 ipsorum.“
489 885 720 929 Videamus
752 900 793 929 et
823 887 955 929 alium
984 889 1121 931 adhuc
1160 891 1355 934 ordinem
1387 893 1489 935 cari-

57 967 176 1016 tatis,
217 965 305 1023 ejus
337 966 554 1015 duntaxat,
595 981 701 1022 quae
741 981 834 1018 erga
872 967 1091 1022 proximos
1129 969 1275 1011 haberi
1305 970 1485 1013 videtur.

57 1045 103 1089 Si
133 1044 185 1086 sit
214 1060 298 1085 non
323 1043 478 1084 habens
511 1042 685 1099 quidem
716 1044 900 1085 docendi
930 1046 1000 1087 vel
1031 1046 1266 1089 instruendi
1296 1048 1484 1101 gratiam,

57 1138 192 1180 neque
240 1122 416 1162 verbum
460 1120 638 1162 Domini
688 1121 980 1177 praedicandi,
1025 1126 1099 1165 sed
1142 1138 1283 1168 tamen
1320 1140 1486 1170 sanctae

57 1200 165 1241 vitae
192 1199 268 1250 vir,
298 1200 514 1249 innocens,
546 1199 853 1250 immaculatus,
887 1212 928 1241 et
951 1201 1023 1258 qui
1045 1202 1084 1243 in
1118 1202 1485 1261 justificationibus

59 1290 101 1319 et
130 1278 335 1320 mandatis
354 1277 438 1319 Dei
469 1277 727 1330 ingrediatur
758 1277 845 1318 sine
878 1279 1063 1334 querela,
1096 1281 1317 1325 videturne
1346 1284 1483 1341 tibi⁵)

55 1356 148 1397 talis
178 1356 245 1397 hic
278 1357 340 1398 vir
369 1356 412 1397 in
443 1356 596 1397 eodem
627 1354 808 1396 caritatis
840 1356 989 1398 ordine
1016 1358 1245 1410 habendus,
1277 1378 1362 1417 quo
1394 1362 1483 1412 ille,

57 1433 129 1490 qui
168 1433 274 1475 nihil
311 1434 464 1473 horum
480 1433 520 1488 6)
561 1432 670 1484 agit?
718 1434 887 1488 quando
922 1434 1095 1489 quidem
1133 1448 1311 1493 uterque
1340 1438 1484 1494 proxi-

55 1527 146 1551 mus
178 1509 340 1550 dicitur.
401 1511 553 1551 Nonne
585 1520 626 1550 et
656 1509 724 1550 hic
763 1522 942 1566 propter
974 1529 1080 1569 opus
1111 1531 1254 1564 suum,
1300 1526 1342 1556 et
1371 1515 1481 1557 vitae

54 1587 274 1637 meritum,
315 1588 542 1629 secundum
576 1586 777 1643 Apostoli
808 1587 990 1639 dictum,
1032 1590 1284 1646 similiter⁷)
1315 1604 1363 1633 ut
1392 1593 1481 1644 ille,

54 1664 123 1722 qui
154 1665 198 1706 in
228 1666 357 1706 verbo
389 1665 472 1706 Dei
503 1666 688 1714 laborat,
726 1667 1134 1721 superabundantius
1171 1670 1386 1714 habendus
1418 1686 1481 1714 est

52 1743 94 1786 in
124 1742 292 1784 caritate
322 1754 499 1799 propter
531 1759 636 1799 opus
668 1742 777 1783 vitae
808 1743 932 1784 suae?
972 1743 1049 1786 Est
1079 1746 1215 1789 adhuc
1239 1749 1344 1790 alius
1370 1751 1477 1792 ordo

54 1820 248 1862 caritatis.
289 1821 498 1862 Jubemur
531 1821 643 1861 enim
675 1831 717 1861 et
741 1819 936 1862 inimicos
967 1833 1133 1864 nostros
1164 1826 1352 1880 diligere.
1392 1829 1479 1870 Sed

52 1898 281 1948 videamus,
312 1898 346 1940 si
377 1899 502 1940 etiam
532 1898 575 1941 in
605 1898 705 1954 ipsis
735 1914 842 1939 unus
863 1900 977 1940 solus
1006 1902 1159 1944 modus
1180 1904 1260 1946 erit
1284 1905 1473 1947 dilectio-

51 1975 136 2026 nis,
176 1994 227 2018 an
267 1976 327 2019 ibi
368 1976 540 2019 habebit
569 1977 715 2018 locum
744 1992 883 2018 sermo
916 1976 1014 2029 iste,
1055 1980 1127 2036 qui
1158 1981 1280 2024 dicit:
1328 1983 1480 2033 „ordi-

49 2055 199 2111 natess)
240 2055 282 2097 in
321 2072 390 2097 me
431 2055 695 2098 caritatem.“
761 2055 874 2096 Puto
915 2072 1037 2109 ergo,
1085 2061 1201 2115 quod
1238 2061 1281 2102 in
1323 2061 1387 2104 his
1425 2062 1480 2104 sit

52 2210 142 2252 aliis
169 2223 312 2254 tamen
339 2213 448 2252 bene
479 2226 615 2263 agens,
644 2210 840 2268 pudicus,
870 2211 1050 2265 sobrius,
1081 2216 1361 2272 mandatam)
1392 2216 1476 2259 Dei

165 2351 202 2405 ¹)
233 2351 341 2392 Edd.
373 2353 436 2394 M.
468 2352 730 2403 „veritatisf‘

166 2421 208 2477 ²)
239 2421 346 2463 Edd.
377 2422 439 2463 M.
471 2440 557 2473 „ac
587 2425 722 2466 trahat
752 2426 805 2467 ad
836 2427 1058 2468 salutem.“

165 2492 208 2547 ³)
238 2492 371 2533 Deest
401 2492 527 2542 „ita“
556 2493 600 2535 in
631 2496 725 2537 edd.
751 2496 811 2538 M.
936 2496 976 2553 4)
1009 2497 1095 2540 Cfr.
1129 2498 1310 2540 lThess.
1325 2501 1376 2552 V,
1410 2499 1473 2544 13.

166 2563 207 2620 ⁵)
238 2563 372 2604 Deest
401 2562 550 2613 „tibi“
583 2564 625 2606 in
655 2567 752 2609 edd.
783 2567 844 2608 M.

164 2634 206 2689 ⁶)
236 2634 370 2674 Deest
400 2633 622 2683 ,‚horum“
653 2635 698 2677 in
728 2638 823 2680 edd.
855 2639 915 2679 M.

164 2702 208 2758 ⁷)
239 2703 372 2744 Deest
402 2704 664 2755 ‚‚similiter“
695 2706 740 2749 in
771 2709 865 2750 edd.
898 2709 960 2750 M.

163 2773 205 2827 8)
240 2773 397 2815 Cantic.
431 2775 497 2825 II,
529 2774 567 2817 4.
688 2776 730 2833 ⁹)
760 2776 868 2818 Edd.
900 2779 960 2820 M.
993 2791 1070 2831 „et
1100 2779 1228 2821 aliis“
1261 2791 1338 2821 etc.

137 2842 204 2899 ¹⁰)
233 2843 342 2884 Edd.
375 2845 437 2886 M.
472 2846 703 2895 „mandata
733 2847 916 2903 plurima
946 2850 1072 2891 Dei.“
