1734 3112
293 745 571 794 SERIES
636 743 1343 795 PROCOPIANORUM

391 880 839 924 EXCERPTORUM
866 880 946 921 EX
978 881 1239 923 ORIGENE

198 1006 284 1067 IN
356 1007 797 1069 CANTICUM
859 1007 1433 1075 CANTICORUM.

549 1261 822 1320 Κεφάλαιον
856 1260 1080 1322 δεύτερον.

143 1359 160 1380 ³

113 1359 512 1446 ,,Αδελφιδός’)
557 1404 650 1444 μου
695 1389 798 1441 ἐμοὶ
842 1386 968 1445 κάγὼ
1016 1389 1193 1445 αὐτῷ.“
1261 1388 1321 1433 ‘H
1360 1389 1522 1450 νύμφη

106 1464 222 1521 πρὸς
250 1462 354 1512 τοὺς
389 1463 592 1517 ἑταίρους
633 1465 712 1506 τοῦ
751 1468 957 1521 νυμφίου
1000 1468 1165 1522 φησὶν,
1208 1462 1266 1514 ὡς
1305 1465 1527 1526 οὐδεμίαν

106 1542 275 1598 ἔχουσα
313 1537 428 1595 πρὸς
465 1540 567 1589 τοὺς
609 1537 847 1589 ἀλώπεκας
891 1545 1149 1585 κοινωνίαν.
1221 1542 1526 1601 Ἐκοινώνησε

105 1616 196 1676 γὰρ
223 1616 357 1674 ἡμῖν,
391 1619 556 1674 φησὶν,
590 1619 778 1673 αἵματος
807 1619 884 1660 καὶ
915 1617 1104 1676 σαρκὸς,
1137 1622 1215 1662 καὶ
1244 1618 1374 1679 ἡμεῖς
1404 1622 1524 1681 αὐτῷ

107 1697 183 1752 τῆς
212 1693 490 1752 ἀφθαρσίας.

192 1768 620 1827 ,,’Λπόστρεψον2),
662 1767 911 1828 ὁμοιώθητι
953 1768 1008 1814 σὺ
1042 1770 1267 1830 ἀδελφιδέ
1292 1791 1383 1831 μου
1413 1775 1527 1833 δορ-

105 1846 260 1893 κάδι.“
315 1847 383 1891 Τὰ
411 1844 610 1906 πρότερα
639 1845 755 1905 πρὸς
782 1846 860 1897 τὰς
891 1845 1104 1900 νεάνιδας
1132 1845 1260 1895 εἶπεν
1288 1849 1315 1907 ἡ
1347 1851 1523 1912 νύμφη,

105 1923 156 1970 τὸ
187 1925 238 1970 δὲ
267 1927 353 1969 νῦν
381 1923 497 1982 πρὸς
524 1923 605 1969 τὸν
635 1928 866 1983 νυμφίον·
906 1923 1019 1971 ὥστε
1058 1930 1120 1984 τῷ
1160 1926 1354 1986 παρόντι
1384 1934 1527 1989 καιρῷ

107 2000 425 2062 ἁρμόττουσαν
456 2003 704 2059 ἀναλαβεῖν
735 2001 1004 2062 ὁμοιότητα,
1045 2003 1159 2062 πρὸς
1187 2007 1275 2064 μὲν
1304 2004 1384 2050 τόν
1413 2006 1527 2064 δόρ-

106 2096 231 2126 κωνα
261 2077 337 2125 διὰ
365 2078 417 2125 τὸ
457 2078 739 2137 διορατικὸν,
787 2078 901 2139 πρὸς
931 2081 982 2125 δὲ
1011 2080 1175 2139 νεβρὸν
1205 2081 1416 2142 ἐλάφων,
1464 2085 1520 2129 δι’

109 2155 378 2216 ἀφανισμὸν
405 2159 487 2201 τοῦ
517 2160 610 2201 τῶν
639 2153 795 2215 ὄφεων
823 2162 998 2215 γένους.
1064 2163 1218 2204 Ταῦτα
1247 2161 1299 2205 δὲ
1327 2167 1455 2206 ποιεῖ
1479 2163 1532 2206 ἒν

108 2239 202 2284 τοῖς
231 2230 354 2294 ὄρεσι
381 2237 473 2279 τῶν
503 2232 818 2290 κοιλωμάτων,
850 2233 1173 2296 ἆπόστρεψον,
1218 2241 1438 2296 λέγουσα,
1478 2240 1530 2284 ἐκ

110 2313 192 2356 τοῦ
222 2311 273 2356 ἐν
299 2313 460 2373 μορφῇ
488 2309 712 2368 ὑπάρχειν
741 2314 852 2356 θεοῦ
871 2325 881 2336 ·
920 2316 997 2357 καὶ
1027 2312 1227 2370 ιῖνάλαβε
1255 2318 1417 2372 ταῦτα,
1451 2314 1529 2360 διὰ

110 2386 193 2442 τὴν
231 2385 416 2445 ἀγάπην
449 2386 532 2444 τὴν
572 2387 686 2446 πρὸς
727 2390 807 2447 ἐμὲ
843 2395 937 2441 τοῖς
975 2390 1238 2449 ἀνθρώποις
1274 2393 1527 2450 ἐπιδημῶν,

115 2455 182 2509 ὧν
212 2466 256 2508 οἱ
282 2467 465 2514 πλείους
493 2463 569 2508 διὰ
599 2464 682 2521 τὴν
712 2470 876 2511 κακίαν
906 2468 956 2512 ἒν
986 2465 1235 2527 κοιλώμασι
1267 2470 1527 2528 διατρίβου-

117 2555 205 2586 σιν.
257 2536 367 2599 ’Όρη
403 2541 453 2586 δὲ
483 2541 778 2600 κοιλωμάτων
809 2547 853 2588 οἱ
881 2548 972 2589 τῶν
996 2550 1150 2590 κακῶν
1177 2545 1529 2604 ὑπερανέχοντες

119 2621 299 2664 δίκαιοι.
357 2619 666 2675 Ἀποστρέψας
706 2613 787 2665 οὖν
829 2621 851 2666 ὁ
893 2620 1026 2681 λόγος
1065 2623 1330 2683 ὁμοιοῦται,
1362 2626 1413 2670 ἓν
1440 2626 1528 2684 μὲν

236 2827 280 2882 1)
312 2826 470 2870 cantic.
503 2828 560 2877 ΙΙ,
591 2827 655 2871 16.
776 2829 822 2883 ²)
855 2831 1013 2876 cantic.
1047 2834 1099 2883 11,
1133 2833 1197 2876 17.
