1763 3112
611 109 654 136 m
683 95 938 135 JEREMIAM.
1357 104 1361 107 *
1400 88 1474 131 441

70 211 149 255 τὸν
181 209 458 254 ἀπόστολον·
502 206 678 261 ,,ἒαν1)
715 203 777 261 μὴ
816 201 839 256 ἦ
883 203 1137 256 συνείδησις
1167 199 1482 260 καταγινώσκῃ

71 286 216 345 ἡμῶν,
247 287 505 345 παῤῥησίαν
534 284 701 340 ἔχομεν
730 279 844 338 πρὸς
872 279 952 323 τὸν
980 278 1143 324 θεόν.“

185 361 291 417 ,,Ὡς
307 363 349 419 2)
381 361 528 416 ψευδῆ
560 357 802 413 ἐκτήσαντο
834 360 876 400 οἱ
904 361 1091 413 πατέρες
1121 356 1253 413 ἡμῶν
1269 355 1485 399 εἴδωλα.“

79 441 229 494 Ψευδῆ
262 440 312 483 δὲ
342 436 505 483 εἴδωλά
537 452 664 494 φησι,
688 433 738 479 τὸ
771 431 825 477 ὂν
845 437 1014 490 λέγων,
1051 433 1142 476 ἀλλ’
1176 433 1259 490 οὐχ
1289 430 1347 480 ὡς
1377 431 1489 485 άλη-

76 520 207 560 θέσιν
224 518 408 559 ἐναντία
425 517 698 559 διαστέλλων
720 513 898 569 ἑτέροις.
946 517 1084 556 ΙΙοιεῖ
1106 511 1155 556 δὲ
1185 513 1328 566 ἑαυτῷ
1355 507 1491 556 θεοὺς

79 593 131 637 οὗ
160 591 309 649 μόνον
341 591 363 636 ὁ
389 590 732 642 κατασκευάζων
764 586 1023 646 ἀγάλματα,
1057 587 1169 632 ἀλλὰ
1193 590 1269 631 καὶ
1296 584 1318 631 ὃ
1343 586 1491 642 ψευδῆ

78 670 286 727 δόγματα
317 671 460 726 ἑαυτῷ
493 664 853 724 συστησάμενος,
905 669 985 715 καὶ,
1020 665 1078 715 ὠς
1108 666 1256 720 ἀληθῆ
1286 678 1492 722 προσκυ-

81 749 174 789 νιῦν
203 745 255 789 τὰ
288 748 362 801 τῆς
391 748 541 801 ψυχῆς
570 742 917 800 ιἰναπλάσματα.

443 1004 710 1060 Κεφάλαιον
741 999 1137 1044 ἑπτακαιδέκατον.

1327 1097 1346 1106 ω

198 1102 495 1158 ,,Στηρίσει3)
540 1102 591 1144 δὲ
630 1099 712 1155 τὴν
743 1097 889 1154 σάρκα
935 1101 1178 1155 βραχίονος
1207 1094 1398 1138 αὐτου.“
1455 1093 1502 1138 ‘0

86 1176 197 1220 κατὰ
227 1178 372 1235 σάρκα
403 1176 756 1235 στρατευόμενος
793 1179 868 1219 καὶ
909 1176 960 1218 ἓν
990 1177 1123 1232 σαρκὶ
1152 1171 1400 1221 πεποιθώς.
1458 1171 1505 1215 Ὁ

88 1253 178 1312 γάρ
210 1253 339 1312 ἅγιος
366 1253 560 1299 πάντοτε
591 1253 674 1308 την
705 1257 924 1310 νέκρωσιν
954 1254 1032 1295 τοῦ
1059 1251 1205 1306 Ἰησοῦ
1235 1253 1288 1294 ἐν
1318 1253 1379 1306 τῷ
1412 1248 1505 1292 σώ-

90 1349 198 1389 ματι
229 1332 365 1375 αὐτοῦ
398 1334 503 1388 ἔχει,
538 1335 710 1388 νεκρῶν
739 1330 791 1374 τὰ
822 1334 934 1387 μέλη
966 1327 1019 1372 τὰ
1051 1329 1126 1372 ἐπὶ
1155 1330 1231 1382 τῆς
1260 1330 1356 1384 γῆς.

203 1406 470 1466 ,,Ἐφώνησε
486 1408 528 1463 ⁴¹)
561 1409 769 1466 πέρδιξ.“
833 1406 911 1449 Ἑν
947 1409 995 1465 τῇ
1035 1407 1142 1462 περὶ
1183 1402 1306 1455 ζώων
1335 1407 1508 1462 ἱστορίᾳ

92 1489 266 1543 λέγεται
295 1490 656 1540 κακοηθέστατος
693 1481 809 1529 εἶναι
851 1482 872 1527 ὁ
903 1483 1077 1540 πέρδιξ.
1138 1484 1253 1541 Περὶ
1290 1481 1393 1530 τοὺς
1422 1479 1511 1525 πό-

95 1564 177 1612 δας
213 1562 302 1621 γὰρ
340 1560 649 1621 στρεφόμενος
685 1564 763 1607 τοῦ
800 1559 1097 1618 θηρεύοντος,
1139 1562 1214 1603 καὶ
1260 1561 1336 1602 τοῦ
1370 1556 1514 1602 άλοῦν

97 1641 262 1684 ἐλπίδα
303 1638 481 1694 διδοὺς,
530 1638 723 1695 ἀποσπᾷ
764 1641 842 1692 τῆς
879 1640 1035 1686 καλιᾶς
1073 1633 1259 1680 ἑαυτόν·
1297 1639 1374 1678 καὶ
1406 1633 1515 1680 ὅταν

100 1715 360 1774 στοχάζηται
392 1714 681 1773 πεφευγότας
709 1713 812 1764 τούς
837 1713 1065 1769 νεοσσοὺς,
1100 1716 1176 1758 καὶ
1198 1711 1333 1762 αὐτὸς
1355 1717 1515 1770 αἰφνι-

102 1796 208 1843 δίως
238 1794 507 1851 ἀφίπταται.
569 1788 698 1836 ’Ἐστι
738 1793 788 1836 δὲ
829 1795 906 1835 καὶ
947 1788 1231 1848 ἀκάθαρτον,
1276 1787 1387 1834 ὥστε
1417 1788 1519 1839 τούς

102 1869 379 1931 θηρεύοντας
404 1875 693 1930 μονομαχεῖν
732 1866 938 1924 ἀλλήλοις
972 1871 1076 1926 περὶ
1113 1870 1189 1923 τῆς
1215 1871 1401 1924 μίξεως,
1440 1870 1520 1910 καὶ

103 1946 272 2008 ἐτ’ῤῥενα
301 1947 415 2004 μετὰ
445 1952 577 2001 νίκην
607 1947 859 2001 ἐπιβαίνειν
887 1948 965 1989 τοῦ
989 1942 1191 2006 ι’έῤῥενος.
1233 1945 1404 2000 Ἀσεβὲς
1434 1941 1520 2004 ἄρα

103 2026 154 2072 τὸ
184 2029 391 2070 τοιοῦτον
420 2026 532 2076 ζῶον
562 2024 639 2067 ἐπὶ
668 2026 748 2067 τοῦ
780 2025 976 2078 σωτῆρος
1005 2024 1289 2079 μεταλαβεῖν,
1323 2024 1399 2065 καὶ
1427 2019 1523 2079 μά-

107 2107 236 2148 λιστα
269 2101 345 2147 διὰ
374 2102 457 2158 τὴν
486 2104 727 2158 εῗρημένην
757 2097 1082 2158 ἓγκατάλειψίν
1120 2114 1166 2143 τε
1205 2101 1282 2142 καὶ
1312 2096 1522 2158 ἀφροσύ-

111 2195 209 2235 νην.
269 2181 384 2236 Περὶ
421 2180 501 2222 τοῦ
546 2177 763 2235 διαβόλου
803 2181 959 2222 τοίνυν
997 2174 1020 2221 ὁ
1059 2173 1219 2233 λόγος,
1262 2175 1315 2220 οὐ
1344 2174 1399 2220 τὰ
1428 2176 1524 2220 ἴδια

112 2253 393 2313 συνάγοντος
422 2259 658 2311 κτίσματα,
689 2257 784 2299 ἴδια
814 2255 864 2298 δὲ
894 2257 1175 2311 ποιουμένου
1204 2251 1258 2296 τά
1288 2255 1367 2296 τοῦ
1398 2254 1524 2296 θεοῦ.

119 2339 278 2379 Φωνεῖ
303 2334 353 2377 δὲ
384 2330 460 2376 διὰ
490 2336 579 2377 τῶν
609 2331 910 2394 ἑτεροδόξων,
949 2323 1016 2376 ὧν
1046 2332 1194 2380 οὐδεὶς
1222 2328 1418 2386 ἠδύνατο
1449 2333 1526 2374 λε’-

114 2425 240 2469 γειν·
283 2409 370 2468 „uk
390 2410 432 2468 ⁵)
471 2409 560 2469 ἐμὰ
599 2409 804 2470 πρόβατα
843 2411 919 2465 τῆς
971 2411 1081 2466 ἐμῆς
1123 2411 1280 2470 φωνῆς
1326 2406 1529 2453 &nobem

241 2556 278 2609 Ι)
312 2553 397 2594 Cfr.
431 2553 448 2591 I
478 2552 628 2591 Joann.
662 2552 739 2600 ΙΙΙ,
767 2551 834 2593 21.

235 2625 277 2678 ²)
306 2624 461 2663 Jerem.
492 2622 606 2670 XVI,
639 2621 703 2664 19.
737 2622 834 2662 coll.
865 2620 992 2660 Hom.
1023 2621 1137 2661 XVI.

239 2695 281 2748 ⁴3)
314 2693 399 2735 Cfr.
430 2693 584 2733 Jcrem.
614 2693 752 2743 XVII,
782 2693 820 2735 5.
854 2692 953 2733 coll.
984 2692 1112 2733 Hom.
1149 2691 1285 2730 XVll.

240 2761 281 2817 ⁴)
311 2762 466 2803 Jerem.
499 2763 636 2813 XVII,
669 2762 736 2805 11.
765 2763 863 2804 coll.
896 2763 1022 2804 Hom.
1055 2762 1191 2803 XVII.

244 2833 284 2885 ⁵)
317 2832 401 2873 Csr.
436 2849 495 2872 cv*
530 2831 680 2873 Joann.
712 2833 765 2883 X,
796 2833 862 2876 27.
