1763 3112
281 53 365 96 4'10
718 52 938 95 OfflGENJs
970 67 1014 94 m
1044 55 1282 96 Jssnnmmm

279 168 488 215 dolorem,
517 177 564 206 ut
596 166 635 206 in
670 166 839 222 psalmis
870 166 1132 208 continetur:
1177 165 1318 216 „misit
1339 168 1378 222 ¹)
1418 166 1459 208 in
1501 183 1574 209 eos
1605 168 1709 210 iram

278 243 574 296 indignationis
605 260 716 293 suae,
748 245 952 294 furorem,
987 255 1028 284 et
1060 243 1177 293 iram,
1207 256 1249 285 et
1273 244 1519 297 angustiam,
1553 244 1709 286 immis-

1006 327 1029 345 “
1093 321 1170 362 His
1204 321 1314 362 enim
1346 322 1490 378 110112)
1523 322 1612 378 ipse
1648 340 1710 364 re—

278 321 441 364 sionem
472 339 548 377 per
577 323 746 375 angelos
779 322 1000 378 pessimos.

278 399 435 451 stituit,
481 400 553 440 sed
594 400 647 441 ad
684 399 1011 441 retributionem
1061 399 1233 439 illorum
1270 398 1471 440 ministris
1512 417 1608 441 usus
1651 413 1710 442 est

278 479 432 531 angelis
463 476 672 533 pessimis,
718 489 759 518 et
798 477 889 518 aliis
927 476 1105 518 forsitan
1146 493 1234 517 non
1275 493 1354 532 per
1392 479 1527 519 malos
1557 478 1709 527 reddit,

278 557 352 598 sed
382 571 459 613 per
488 556 640 605 bonos,
672 566 720 595 ut
750 553 851 610 in3)
881 554 953 606 iis,
987 555 1060 610 qui
1090 570 1169 610 pro
1201 554 1428 597 sceleribus
1462 554 1708 611 puniuntur.

277 635 499 689 Multaque
531 630 683 673 similia
724 629 963 672 istiusmodi
1003 648 1081 687 per
1121 631 1382 688 Scripturas,
1422 632 1457 674 si
1501 633 1710 683 scruteris,

279 709 478 751 invenies.
537 709 614 750 Est
643 720 805 758 autem,
845 709 1013 764 quando
1053 709 1345 752 ministrorum
1378 710 1568 753 officium
1597 712 1710 752 resu-

278 800 402 838 tatur,
434 786 762 829 retributionem
793 787 911 828 Deus
941 786 1032 843 ipse
1065 787 1262 839 restituit,
1292 801 1340 831 ut
1355 805 1465 830 nunc
1482 788 1707 847 Babyloni.

280 866 433 909 Timeo
475 865 678 922 quiddam
719 865 887 907 obscuri
928 865 972 907 in
1011 867 1110 907 loco
1155 866 1379 909 manifesto
1427 867 1710 924 interponere,

278 946 393 1001 quod
424 943 527 985 mihi
558 943 727 985 videtur
758 945 902 994 latere,
933 943 968 985 si
986 942 1026 999 4)
1058 955 1232 986 taceam.
1304 946 1608 987 Verumtamen
1640 962 1711 987 au-
1747 962 1763 967 ·

278 1023 464 1064 dendum
496 1034 558 1063 est
587 1022 735 1063 saltem
767 1038 900 1078 pauca
931 1022 1226 1078 perstringere.
1278 1022 1462 1077 Quando
1494 1035 1590 1065 sunt
1621 1026 1711 1065 vul-

275 1117 375 1142 nera
405 1100 545 1142 facilia
576 1112 617 1141 et
646 1111 817 1156 promta
856 1099 1083 1152 curationi,
1135 1100 1326 1142 medicus
1365 1102 1497 1144 mittit
1540 1119 1708 1144 servum

276 1196 412 1228 suurn,
441 1177 574 1218 mittit
605 1176 876 1233 discipulum,
906 1189 955 1218 ut
983 1193 1060 1233 per
1094 1194 1191 1220 eum
1223 1181 1491 1232 languentem
1522 1180 1709 1222 medice-

275 1269 366 1298 tur:
397 1271 533 1312 neque
567 1254 680 1295 enim
709 1271 857 1308 magna
888 1266 984 1296 sunt
1015 1256 1201 1298 vulnera.
1249 1257 1403 1298 Evenit
1433 1275 1602 1315 quoque
1635 1259 1709 1300 ali-

277 1333 465 1391 quoties,
503 1345 551 1374 ut
588 1332 786 1374 sectionis
819 1345 859 1374 et
888 1333 991 1374 ferri
1022 1332 1228 1387 indigeat,
1271 1334 1343 1390 qui
1387 1347 1573 1378 sanatur:
1605 1348 1708 1378 atta-

275 1429 374 1454 men
403 1428 491 1452 non
520 1411 609 1468 ipse
642 1410 831 1452 medicus
860 1410 999 1466 pergit
1029 1412 1080 1452 ad
1115 1411 1269 1463 curam,
1302 1414 1375 1454 sed
1393 1413 1548 1466 eligens
1578 1432 1708 1457 unum

276 1509 325 1533 ex
342 1490 574 1547 discipulis,
608 1489 678 1546 qui
710 1506 854 1530 curare
874 1491 1023 1540 valeat,
1057 1506 1107 1530 eo
1125 1490 1259 1531 utitur
1274 1490 1479 1533 ministro.
1522 1491 1706 1547 Quando

275 1586 376 1611 vero
414 1567 667 1610 insanabiles
706 1569 853 1624 plagae
892 1579 1011 1618 sunt,
1061 1579 1108 1609 ut
1160 1580 1201 1609 et
1240 1581 1432 1612 emortua
1471 1587 1591 1612 carne
1630 1589 1709 1628 pu-

275 1649 397 1690 tredo
432 1647 710 1697 contabuerit,
743 1658 785 1687 et
814 1646 858 1687 in
888 1658 1052 1687 tantum
1083 1649 1192 1689 mala
1225 1649 1425 1690 valetudo
1454 1661 1527 1700 est,
1558 1662 1708 1692 utnon

274 1725 398 1775 servi,
428 1726 497 1765 vel
527 1724 743 1781 discipuli,
775 1724 845 1780 qui
875 1723 958 1782 jam
988 1741 1126 1781 prope
1160 1742 1258 1767 eum
1287 1742 1365 1783 per
1397 1727 1615 1769 scientiam
1644 1746 1708 1770 ar-

275 1803 327 1844 tis
358 1802 542 1852 accessit,
573 1804 646 1843 sed
677 1802 807 1858 ipsius
838 1803 1024 1856 magistri
1049 1803 1240 1845 manibus
1260 1804 1456 1857 indigeat,
1486 1817 1588 1847 tune
1618 1807 1708 1863 ipse

274 1899 446 1935 magnus
487 1880 677 1921 medicus
715 1881 980 1936 praecinctus
1020 1882 1189 1923 lumbos
1229 1884 1281 1923 ad
1319 1884 1552 1925 sectionem
1581 1897 1709 1927 teter-

273 1960 372 2002 rimi
411 1959 594 2001 vulneris
636 1959 882 2001 concitatur.
953 1959 1162 2001 Similiter
1201 1960 1365 2017 itaque,
1409 1964 1577 2019 quando
1609 1977 1705 2005 sunt

274 2040 439 2081 minora
469 2049 662 2095 peccata,
707 2054 794 2078 non
822 2037 1007 2079 restituit
1036 2039 1154 2080 Deus
1187 2038 1278 2095 ipse
1310 2041 1598 2095 peccantibus,
1629 2045 1703 2084 sed

275 2118 365 2160 aliis
403 2116 537 2158 utitur
574 2115 787 2157 ministris.
864 2116 1048 2171 Quando
1087 2133 1189 2158 vero
1227 2134 1306 2174 per
1343 2118 1492 2160 merita
1530 2136 1604 2162 sua
1643 2120 1707 2162 in-

274 2212 372 2249 gens
401 2195 618 2236 hominem
649 2195 869 2248 aegritudo
903 2195 1247 2252 comprehendit,
1289 2207 1337 2236 ut
1376 2213 1488 2239 nunc
1517 2198 1704 2257 Babylo-

274 2292 385 2326 nem,
418 2290 526 2331 quae
555 2273 748 2327 gravibus
777 2273 978 2331 propriae
1006 2273 1192 2315 malitiae
1223 2285 1285 2315 est
1316 2275 1490 2317 confusa
1520 2276 1704 2318 vulneri-

273 2356 373 2404 bus,
423 2365 523 2394 tuuc
565 2353 617 2393 ad
646 2351 971 2393 retributionem
1007 2353 1126 2394 Deus
1163 2352 1255 2409 ipse
1296 2353 1476 2397 festinat.
1538 2354 1704 2397 Similia

275 2432 479 2489 quaedam
510 2429 607 2471 huic
638 2429 672 2470 si
701 2428 894 2486 requiris,
924 2429 1112 2473 invenies
1143 2443 1185 2472 et
1214 2432 1268 2473 de
1296 2432 1554 2484 Jerusalem,
1598 2450 1705 2490 quae

398 2614 438 2670 l)
468 2613 624 2655 Psalm.
658 2611 898 2662 LXXVIII,
928 2612 1288 2674 49.,(LXXV11.)

394 2685 438 2740 ²)
475 2687 608 2737 Aegre
639 2681 901 2724 desideratur
929 2691 1072 2734 „non“
1101 2685 1146 2728 in
1172 2687 1267 2728 edd.
1299 2687 1361 2728 M.

392 2756 435 2812 3)
467 2754 601 2797 Deest
638 2753 735 2805 ‚,in“
766 2753 810 2795 in
841 2755 934 2796 edd.
964 2755 1026 2798 M.

395 2824 437 2882 ⁴²)
467 2825 576 2869 Edd.
608 2825 670 2868 Μ.
698 2824 802 2876 „sed
832 2832 1036 2868 taceam.“
