1734 3112
704 115 845 156 Lusita
875 113 951 155 111.
1489 113 1538 160 11

125 246 224 271 vero
264 231 314 272 ad
354 229 455 270 haec
492 226 818 282 respondentem
857 241 943 266 non
983 224 1258 267 conveniebat
1307 226 1359 266 de
1409 238 1541 269 semet

125 306 214 362 ipsa
252 304 411 361 aliquid
449 303 611 353 dicere,
654 303 728 343 sed
767 301 879 343 affici
916 313 1051 343 totam
1094 317 1188 354 erga
1218 302 1541 345 admirationem

124 382 280 439 sponsi,
311 393 352 423 et
381 381 509 437 ipsius
539 379 733 421 laudibus
764 378 991 422 inhaerere.
1052 380 1282 437 Compar-at
1313 395 1411 433 ergo
1444 396 1540 422 eum

123 459 264 501 arbori
292 459 406 500 mali.
465 458 552 500 Sed
580 473 633 498 ne
665 473 714 498 ex
751 456 1028 499 similitudine
1065 456 1271 499 sermonis
1309 456 1542 514 simplicio-

122 553 186 578 res
217 535 346 593 aliqui
376 537 571 577 arborem
599 533 700 575 mali
732 535 886 575 malam
916 535 1112 576 arborem
1141 547 1305 592 putent,
1337 546 1379 576 et
1407 551 1429 576 a
1457 551 1543 577 ma-

123 613 212 655 litia
242 613 418 664 dictam,
467 612 652 654 dicamus
689 628 767 653 nos
798 614 994 654 arborem
1023 612 1147 663 meli,
1191 629 1340 665 graeco
1371 613 1543 670 quidem

121 689 296 732 nomine
331 701 518 741 utentes,
556 690 630 731 sed
667 688 997 746 simplicioribus
1039 689 1274 747 quibusque
1314 691 1543 733 latinorum

121 768 288 810 notiore
328 784 453 824 quam
489 767 602 809 mali.
670 767 826 809 Melius
872 779 933 809 est
980 767 1113 818 enim,
1158 780 1205 809 ut
1250 768 1542 822 grammaticos

122 847 400 895 offendamus,
431 861 554 902 quam
586 845 818 898 legentibus
846 846 1093 902 scrupulum
1124 846 1309 903 aliquem
1331 848 1371 904 l)
1402 847 1444 888 in
1474 864 1544 888 ve·-

121 923 252 965 ritatis
290 923 583 979 explanatione
621 939 841 979 ponamus.
912 924 1142 980 Comparat
1177 923 1306 977 igitur
1346 940 1443 966 eum
1481 941 1544 966 ar-

119 1002 214 1044 bori
252 1002 378 1052 meli,
422 1003 586 1043 sodales
625 1018 724 1043 vero
767 1000 854 1060 ejus
898 1001 1072 1058 reliquis
1121 1001 1342 1043 arboribus
1389 1003 1543 1061 sylvae.

120 1080 205 1123 Sed
244 1079 504 1136 sponsum²)
542 1079 599 1120 ita
639 1078 781 1120 arbori
818 1079 914 1121 huic
958 1079 1061 1120 meli
1100 1079 1285 1121 similem
1326 1079 1452 1132 dicit,
1496 1091 1544 1122 ut

122 1157 246 1199 etiam
262 1158 305 1213 ³)
336 1157 582 1214 concupisse
611 1173 654 1198 se
686 1156 798 1199 dicat
830 1160 907 1199 sub
937 1159 1088 1199 umbra
1120 1156 1208 1215 ejus
1244 1159 1413 1210 sedere,
1457 1159 1546 1200 sru-

121 1248 321 1292 ctumque
352 1234 439 1294 ejus
471 1235 639 1276 dulcem
668 1234 749 1276 sibi
781 1236 982 1277 effectum
1020 1235 1063 1277 in
1093 1236 1283 1278 faucibus
1323 1249 1542 1280 asseveret.

121 1314 175 1354 Et
203 1314 304 1355 haec
335 1314 391 1355 ad
421 1313 754 1355 adolescentulas
785 1313 906 1368 loqui
941 1312 1122 1365 videtur,
1157 1314 1266 1356 sicut
1295 1327 1338 1357 et
1366 1331 1545 1371 sponsus

122 1391 288 1432 locutus
326 1402 388 1432 est
426 1389 542 1447 prius
580 1391 635 1431 ad
674 1390 839 1431 sodales
879 1407 990 1432 suos,
1050 1392 1136 1433 Sed
1175 1408 1286 1432 nunc
1328 1391 1544 1433 videamus

121 1469 351 1509 secundum
379 1467 644 1525 mysterium,
676 1483 781 1522 quos
811 1466 923 1508 dicat
950 1484 1104 1524 sponsa
1134 1469 1267 1519 filios,
1298 1469 1407 1510 inter
1439 1486 1546 1526 quos

121 1556 317 1600 tanquam
354 1546 549 1606 arborem
597 1543 700 1585 meli
740 1545 1000 1600 praecellere
1044 1546 1208 1603 reliqua
1254 1547 1395 1605 sylvae
1436 1547 1547 1600 ligna

122 1634 273 1664 asserat
301 1637 526 1678 sponsum3
558 1633 599 1662 et
628 1621 738 1672 vide,
769 1621 804 1663 si
833 1639 1056 1679 possumus
1085 1625 1320 1666 secundum
1347 1641 1407 1675 ea,
1438 1641 1545 1681 quae

121 1700 163 1740 in
201 1698 486 1756 superioribus
525 1699 577 1739 de
619 1699 783 1740 filiabus
835 1711 876 1740 et
913 1700 1042 1757 spinis
1083 1701 1311 1758 dupliciter
1350 1702 1547 1758 exposui-

119 1794 232 1827 mus,
272 1776 328 1818 ita
358 1774 424 1817 hic
455 1775 582 1817 etiam
613 1776 724 1818 filios
754 1777 823 1818 vel
854 1793 948 1828 eos,
987 1778 1059 1834 qui
1089 1778 1317 1835 aliquando
1360 1781 1546 1832 fuerunt,

120 1867 161 1896 et
198 1871 283 1896 non
322 1866 439 1904 sunt,
486 1853 553 1894 vel
591 1854 908 1896 multitudinem
957 1856 1206 1899 coelestium
1254 1857 1546 1901 ministrorum

119 1932 253 1973 dictos
284 1948 372 1973 esse
402 1931 650 1984 intelligere.
711 1933 779 1973 Ad
811 1949 957 1974 omnes
989 1933 1103 1975 enim
1142 1935 1264 1976 initio
1283 1936 1331 1992 ⁴)
1361 1936 1548 1992 pertinet

117 2009 246 2060 illud,
288 2010 404 2066 quod
432 2008 636 2066 scriptum
667 2021 748 2051 est:
780 2010 905 2063 „Ego
925 2012 966 2066 5)
1003 2011 1113 2053 dixi:
1146 2012 1206 2054 dii
1239 2013 1358 2065 estis,
1391 2026 1433 2056 et
1463 2015 1545 2056 filii

117 2087 267 2130 excelsi
297 2093 485 2129 omnes.“
543 2087 629 2129 Sed
659 2087 900 2130 differentia
931 2089 1164 2132 intercessit
1189 2107 1269 2147 per
1301 2092 1397 2143 hoc,
1429 2094 1546 2148 quod

119 2164 196 2207 ait:
240 2182 350 2216 „vos
366 2166 407 2220 ⁶)
437 2175 578 2207 autem
606 2177 654 2207 ut
690 2166 883 2208 homines
918 2167 1184 2219 moriemini,
1226 2179 1269 2209 et
1297 2169 1406 2210 sicut
1438 2187 1546 2211 unus

121 2243 173 2282 de
207 2243 467 2300 principibus
505 2244 709 2287 cadetis.“
776 2245 863 2287 Sed
904 2257 946 2287 et
985 2245 1095 2288 illud
1141 2246 1185 2288 in
1224 2247 1307 2288 hoc
1346 2247 1541 2305 respicit:

123 2441 354 2499 νεάνιδας,
399 2444 456 2495 (ὃς
486 2445 598 2503 πρὸς
627 2445 728 2497 τοὺς
757 2449 963 2504 ἑταίρους
994 2447 1017 2493 ὁ
1051 2454 1254 2507 νυμφίος
1284 2449 1338 2494 τὰ
1371 2455 1543 2508 πρῶτα.

130 2513 263 2563 Υἱοὺς
305 2515 353 2558 δὲ
392 2511 418 2568 ἢ
458 2516 559 2566 τοὺς
596 2518 798 2576 ἑταίρους
837 2523 980 2576 λέγει,
1037 2516 1116 2569 οὓς
1153 2521 1279 2580 παρὰ
1319 2525 1428 2571 θέας
1464 2526 1545 2567 τοῦ

119 2590 326 2643 νυμφίου
353 2583 500 2635 ξύλοις
523 2586 744 2644 ἀκάρποις
769 2596 1063 2650 παρείκασεν,
1095 2589 1121 2647 ἢ
1146 2591 1250 2643 τούς
1277 2592 1542 2650 ἀλλοτρίους

120 2655 271 2700 αὐτοῦ.
332 2657 510 2698 Ruaeus.

236 2726 274 2781 ¹)
304 2727 412 2768 Edd.
443 2726 503 2768 Μ.
535 2727 792 2785 ‚,aliquod.“
912 2732 955 2789 2)
986 2733 1096 2775 Edd.
1128 2735 1189 2776 M.
1222 2741 1508 2790 ‚,sponsam.“

205 2798 275 2853 ,³)
304 2796 416 2840 Edd.
445 2797 506 2837 M.
539 2807 718 2847 ,‚eam.“
836 2803 878 2860 ¹²)
909 2803 1017 2844 Edd.
1051 2805 1112 2847 M.
1147 2803 1227 2855 „in
1257 2803 1431 2845 initio.“

232 2867 274 2922 ³)
304 2866 457 2910 Psalm.
487 2867 708 2921 LXXXII,
737 2869 776 2914 6.
896 2873 939 2929 ⁶)
970 2873 1123 2921 Psalm.
1155 2873 1376 2924 LXXXII,
1407 2873 1447 2918 7.
