1734 3112
376 98 441 140 Ex
469 97 602 141 Ome.
633 109 678 138 m
701 97 834 139 CANT‘.
863 97 1176 140 CAN’rmoRum.
1405 96 1487 143 105

72 209 276 268 βλὺσεων
322 207 451 267 ὑγεία
487 225 584 258 πως
621 210 698 253 καὶ
742 206 904 259 κάλλος
952 208 1202 265 ἐπιγίνεται
1231 211 1304 270 ,τῇ
1346 213 1483 272 ψυχῇ.

72 288 146 338 Ὡς
175 289 225 332 δὲ
256 284 417 345 αἰσχρά
447 303 511 336 τις
541 279 655 330 οὖσα
686 285 762 331 διὰ
794 283 1007 341 κακίανῆ
1035 283 1211 344 νύμφη,
1242 289 1488 343 μετέβαλεν

74 370 135 415 εἰς
167 366 321 425 ἀρετῆς
349 361 612 423 ὡραιότητα,
648 361 789 415 οὕτως
819 354 935 407 οὖσα
963 361 1130 420 πικρὰ,
1162 366 1355 421 γε’γονεν
1383 362 1487 418 ἡδί-

74 458 153 498 στη
183 459 229 488 τε
258 440 376 498 αὐτῷ
408 443 484 484 καὶ
513 443 714 498 γλυκεῖα.
777 442 899 495 Φησὶ
927 444 1097 495 τοίνυν,
1131 438 1283 498 ὥσπερ
1314 441 1365 484 ἐν
1394 446 1491 491 ταῖς

74 524 347 579 σωματικαῖς
376 523 571 577 τρυφαῖς
607 516 635 574 ἡ
675 515 921 573 πολυτελὴς
959 518 1129 575 εὐωχία
1167 514 1487 574 περιπόθητος,

74 596 186 643 οὕτω
216 601 309 646 τοῖς
336 594 418 652 τὴν
445 594 758 653 πνευματικὴν
785 597 992 654 τρυφῶσι»
1030 593 1210 653 τρυφὴν
1247 593 1274 650 ἡ
1315 593 1488 653 ἀγάπη.

79 678 166 731 Τῆς
194 676 265 719 δέ·
294 676 412 730 ,,σοῦ
433 674 473 730 ¹)
491 675 545 699 ·“
576 672 861 730 ἄντωνυμιάς
894 674 1100 728 κειμένης
1127 670 1252 732 παρα
1283 678 1377 724 τοῖς
1406 668 1491 716 ἅλ-

73 755 186 807 λοις,
226 754 348 808 λε’γοι
392 748 470 794 c’iv·
511 752 561 810 τῇ
601 748 757 811 ἀγάπῃ
789 751 1017 806 ἐντρυφᾷς
1042 751 1185 793 πλέον
1219 753 1310 794 τῶν
1341 746 1493 795 ἄλλων

75 833 153 874 τοῦ
183 826 441 888 πνεύματος
470 829 673 885 καρπῶν,
712 827 770 877 ὡς
797 824 948 871 πάντα
979 825 1034 871 δι’
1070 824 1212 883 αὐτὴν
1242 831 1416 886 στέγειν
1429 829 1490 886 ²),

72 905 223 952 πάντα
252 905 514 965 ὑπομένειν.
574 903 750 961 ’Ὠσπερ
792 905 843 949 δὲ
879 901 1106 961 σωμάτων
1144 905 1239 949 ἐστὶ
1274 904 1421 964 βραχύ
1451 923 1494 950 τι

73 986 148 1028 καὶ
175 987 403 1044 μεγέθους
430 981 663 1043 ὑστεροῦν,
698 979 838 1030 οὕτως
867 983 943 1025 καὶ
975 983 1126 1038 ψυχῆς
1152 980 1394 1040 ἀναλόγως
1423 979 1490 1034 οἷς

74 1061 407 1124 διαπράττεται.

185 1139 372 1196 ,,Καὶ3)
405 1140 450 1183 οἱ
475 1141 648 1198 μαστοί
673 1151 757 1182 σου
783 1141 877 1187 τοῖς
913 1133 1178 1196 βότρυσιν.“
1238 1133 1415 1195 ’Ήγουν
1438 1135 1493 1182 τὰ

74 1214 281 1275 νοήματεὲ
313 1231 411 1273 σου,
444 1218 609 1275 φησὶν,
649 1211 855 1275 τρόφιμιὶ
887 1230 934 1260 τε
963 1216 1042 1258 καὶ
1071 1212 1269 1271 πότιμα,
1301 1217 1379 1259 καὶ
1413 1213 1495 1260 οὐ-

74 1295 230 1352 δαμῶς
259 1293 581 1354 ὀμφακίζοντα,
1028 1345 1030 1347 .

186 1370 586 1430 ,,Ἀναβήσομαι4)
638 1371 716 1414 ἐπὶ
751 1372 813 1427 τῷ
853 1370 1083 1427 φοίνικι.“
1144 1368 1497 1414 Ἀπεικασθεῖσα

75 1454 271 1508 φοίνικι,
318 1452 509 1507 φοίνικα
547 1446 628 1493 τὸν
666 1450 874 1505 νυμφίον
911 1449 1061 1501 καλεῖ,
1110 1444 1161 1491 τὸ
1191 1443 1312 1503 ὕψος
1340 1448 1417 1490 καὶ
1445 1444 1497 1490 τὸ

70 1529 268 1586 μέγεθος
294 1527 373 1570 τοῦ
403 1524 543 1584 λόγου
577 1523 807 1581 νοήσασα·
848 1522 919 1582 ἐφ’
965 1520 992 1567 ἃ
1032 1525 1110 1567 καὶ
1137 1518 1328 1579 ἤλπισεν
1359 1522 1496 1568 ἀνελ-

74 1609 178 1648 θεῖν
206 1604 284 1647 ἐπὶ
313 1606 425 1648 τέλει
455 1605 546 1647 τῶν
578 1599 809 1662 ᾀσμάτων,
845 1599 917 1646 ὅτε
944 1604 1090 1647 τελεία
1120 1601 1245 1645 ἐστὶν
1272 1597 1495 1658 ἠνύμφη,

75 1679 148 1725 ὅτε
177 1682 255 1724 καὶ
284 1678 575 1738 ἀντιλήψεται
607 1683 699 1724 τῶν
727 1682 808 1724 τοῦ
839 1683 1048 1737 νυμφίου
1077 1680 1266 1736 μαστῶν
1296 1676 1499 1733 δηλούνι-

74 1775 166 1803 των
193 1756 247 1803 τά
280 1755 526 1815 ὑψώματα.
585 1756 672 1802 Διὸ
702 1759 779 1801 καὶ
811 1757 1017 1813 ἀμπέλου
1045 1752 1262 1814 βότρυσιν
1301 1753 1499 1801 ἀπεικά-

74 1840 248 1891 ζονται,
288 1837 393 1892 περὶ
422 1826 474 1890 ἧς
502 1830 630 1881 εἶπεν
657 1832 680 1878 ὁ
711 1831 898 1892 Σωτήρ·
939 1830 1063 1891 ,,ἕγώ
1081 1833 1124 1890 5)
1162 1835 1257 1891 εἰμι
1285 1830 1313 1887 ἡ
1345 1828 1499 1890 ἄμπε-

73 1917 149 1963 λος
177 1912 203 1969 ῆ
235 1909 481 1968 ἀληθινή-ί(
564 1910 631 1955 Τὰ
677 1912 729 1956 δὲ
774 1911 823 1955 ἐκ
864 1914 955 1956 τῶν
991 1913 1071 1956 τοῦ
1113 1906 1256 1968 λόγου
1286 1913 1500 1967 κρυπτῶν

72 1987 433 2049 ἐκπορευόμενα,
473 1987 555 2044 τὴν
578 1986 659 2034 τὸν
689 1987 874 2045 ἀγαθὸν
900 1991 1064 2033 τοῦτον
1096 1983 1226 2033 οἶνον
1247 1991 1498 2046 χωροῦσαν

73 2070 150 2114 ἐπὶ
177 2070 395 2114 τοσοῦτον
432 2064 581 2111 ἰθύνει
609 2082 656 2111 τε
685 2069 763 2109 καὶ
792 2065 1055 2125 εὐφραίνει,
1099 2063 1214 2111 ὥστε
1244 2069 1393 2123 λέγειν
1425 2064 1498 2112 ὅτε

74 2149 158 2204 δεῖ,
190 2149 266 2191 καὶ
295 2141 360 2196 οἷς
389 2145 472 2199 δεῖ,
505 2146 582 2187 καὶ
613 2141 723 2188 ὅσον
752 2143 834 2189 δεῖ.
900 2143 966 2187 Τὰ
995 2144 1084 2201 μὲν
1111 2141 1203 2202 γὰρ
1226 2146 1379 2200 χείλη,
1415 2142 1497 2189 τὸν

74 2223 237 2283 λόγον·
269 2226 314 2270 οἱ
342 2223 394 2269 δὲ
423 2220 618 2277 ὀδόντες,
649 2219 732 2277 τὴν
761 2213 1346 2280 ἑχεμυθίανέμφαίνουσι,
1378 2220 1496 2266 κατὰ

75 2300 151 2349 τό·
196 2303 289 2358 ,,τῷ
305 2300 352 2357 ⁵)
399 2297 592 2357 στόματί
626 2313 709 2343 σου
748 2303 943 2355 ποίησον
978 2297 1132 2359 θύραν
1175 2302 1254 2344 καὶ
1291 2298 1491 2358 μοχλὸν,

196 2499 236 2554 ¹)
268 2494 428 2540 Cautio.
458 2495 555 2545 VII,
584 2494 623 2538 6.

189 2569 232 2627 ²)
262 2568 341 2610 Ed.
371 2563 529 2607 Ruaei:
559 2567 743 2609 στένειν.
777 2589 829 2599 -
861 2565 950 2609 Cfr.
978 2566 1000 2608 I
1033 2566 1131 2611 Cor.
1162 2566 1284 2618 XIII,
1323 2566 1361 2609 7.

192 2639 237 2695 3)
271 2635 428 2680 Cantic.
461 2636 558 2686 VII,
588 2635 628 2679 7.

196 2710 239 2765 ⁴²)
271 2706 428 2750 Cantic.
459 2706 556 2755 VII,
584 2704 624 2748 8.

197 2780 238 2835 ⁵)
268 2779 345 2820 Ev.
376 2777 526 2818 Joann.
556 2775 650 2825 XV,
682 2772 718 2817 1.

194 2851 238 2906 ⁶)
271 2849 357 2891 Cfr.
388 2848 486 2903 Sap.
518 2845 647 2890 Sirac.
678 2845 882 2896 XXVIII,
910 2845 977 2889 25.
