1763 3112
594 104 639 133 m
675 91 924 132 Jnmzmmm.
1382 91 1463 136 477

55 210 192 262 θεμα,
225 203 279 246 δι’
314 195 366 247 οῗ]
397 203 582 257 δηλοῦσι
610 208 704 252 τοῖς
733 198 1018 260 στρατιώταις
1037 198 1118 256 τὴν
1141 202 1333 259 ἔφοδον.
1373 205 1467 245 Καὶ

57 280 111 323 τὰ
143 278 260 323 ὅπλα
292 281 411 336 ἔχειν
440 279 491 323 ἐν
519 280 684 336 ἑτοίμῳ
719 276 1096 337 παρακελεύεται·
1136 276 1190 322 τὰ
1230 276 1337 329 τόξα
1376 285 1469 329 τοῖς

56 354 239 411 Μήδοις
268 361 426 414 φησίν.

166 430 472 490 ,,Ἐμωράνθη
490 435 530 490 ¹)
559 436 648 482 πᾶς
665 430 908 491 ἅνθρωπος
928 431 1018 476 ἀπὸ
1035 430 1292 489 γνώσεως.“
1334 435 1468 489 Συμ-

59 508 222 567 φώνως
252 510 303 553 δὲ
332 513 416 567 τῷ·
447 509 724 570 ,ἐμωράνθη
740 510 784 566 ²)
824 512 913 559 πᾶς
951 506 1195 567 ἅνθρωπος
1224 506 1315 553 ἀπὸ
1344 506 1472 566 γνώ-

59 588 234 635 σεως’“
277 585 298 630 ὁ
340 586 526 638 ΙῙαῦλός
564 599 731 645 φησιν·
782 586 917 643 „obst
937 587 980 641 3)
1028 584 1262 643 ἐμώρανεν
1305 583 1327 630 ὁ
1367 583 1474 634 θεὸς

59 661 142 717 τῆν
171 668 343 721 σοφίαν
379 668 458 708 τοῦ
503 664 678 722 κόσμου
716 661 942 717 τούτου,·“
986 661 1157 718 Καιρὸς
1198 664 1246 707 δὲ
1287 664 1471 707 ἐπισκέ-

61 749 183 795 ψεως
209 740 407 798 μάλιστα
451 740 477 796 ἡ
519 745 593 796 τῆς
632 743 996 799 εἷδωλολατρειάς
1031 738 1126 783 ἀπὸ
1168 743 1243 794 τῆς
1272 741 1473 799 Χριστοῦ

59 823 312 874 παρουσίας
340 824 617 875 καθαίρεσις.
672 815 817 872 Σκεύη
849 818 898 860 δὲ
927 820 1150 875 πολέμου,
1183 816 1298 875 ἅπερ
1329 816 1351 861 ὁ
1371 822 1470 860 Βα-

59 893 278 950 βυλώνιος
309 893 645 952 διεσκόρπισεν,
690 897 733 938 οἱ
770 897 848 938 τοῦ
879 893 1051 951 Ἰσραὴλ
1093 897 1168 937 καὶ
1201 893 1348 938 Ἰούδα
1383 911 1474 938 πο-

61 976 213 1029 λέμων
244 975 451 1032 ἔμπειροι
489 969 664 1030 ἄνδρες,
707 971 806 1014 ἀνθ’
841 962 906 1014 ὧν
934 970 1115 1014 ἀπειλεῖ
1138 971 1336 1028 μηδενὸς
1364 987 1474 1015 ποι-

62 1055 215 1096 εῖσθαι
247 1049 407 1108 φειδώ.

175 1128 301 1183 ,,Καὶ
319 1127 361 1183 ⁴)
410 1127 690 1183 διασκορπιῶ
731 1126 807 1169 ἐπὶ
844 1126 963 1169 σοί“
1002 1142 1044 1170 κ.
1072 1142 1108 1169 τ.
1138 1142 1171 1170 ε.
1235 1123 1475 1180 Ἀναβάται

63 1207 221 1248 ἵππων
251 1207 294 1248 οἱ
322 1205 562 1262 δαίμονες,
597 1205 640 1246 οἱ
678 1208 774 1252 ταῖς
811 1208 1046 1260 σαρκικαῖς
1081 1200 1269 1257 ἡδοναῖς
1313 1203 1477 1246 ἐπικα-

64 1280 272 1337 θήμενοι.
329 1284 423 1324 Καὶ
450 1278 595 1324 πάλαι
623 1281 710 1338 μὲν
740 1283 818 1335 τῆς
844 1276 1086 1336 Αἰγύπτου
1124 1282 1304 1334 ,,ῗππον
1321 1280 1364 1336 ⁵)
1402 1281 1478 1322 καὶ

66 1356 297 1416 ἀναβάτην
325 1359 512 1418 ἔρριψεν
546 1361 607 1406 εἰς
633 1355 938 1411 θάλασσαν,“
979 1347 1102 1400 οὗτοι
1143 1357 1193 1399 δὲ
1223 1354 1481 1412 ζευγνύντες

67 1438 116 1480 ἓν
143 1435 256 1494 ἡμῖν
286 1433 491 1494 διάφορα
526 1432 679 1489 πάθη,
713 1439 810 1482 ταῖς
837 1437 1045 1492 τέτρασιν
1075 1433 1252 1492 ἀρεταῖς
1282 1433 1481 1478 ἀντικεί-

65 1530 182 1571 μενα
220 1511 628 1563 κατασκευάζουσιν
668 1509 858 1571 ἅρματα.
936 1514 1028 1554 Καὶ
1078 1509 1100 1555 ὁ
1140 1511 1230 1570 μὲν
1265 1509 1482 1569 θυμώδης

67 1594 144 1635 καὶ
172 1589 286 1649 πρὸς
315 1593 480 1633 κακίαν
510 1590 786 1650 ἐρρωμένος,
833 1586 975 1648 ἀνήρ·
1018 1588 1041 1633 ὃ
1082 1589 1133 1633 δὲ
1169 1587 1284 1646 πρὸς
1311 1587 1483 1644 ἡδονᾶς

67 1671 321 1728 λελυμένος,
353 1665 492 1725 γυνή·
524 1670 601 1711 καὶ
628 1664 878 1724 πρεσβύτης
912 1666 1000 1724 μὲν
1042 1663 1065 1710 ὁ
1107 1668 1484 1723 πεπαλαιωμένος

68 1748 221 1790 κακῶν
249 1743 453 1804 ἡμερῶν·
495 1749 723 1789 νεανίσκοι
755 1743 830 1799 δὲ,
878 1745 983 1800 περὶ
1021 1733 1087 1786 ὧν
1119 1742 1308 1792 Ἡσαΐας
1343 1747 1480 1801 φησί·

68 1819 369 1878 ,,πεινάσουσι
381 1821 425 1878 ⁶)
456 1819 678 1880 νεώτεροι,
711 1822 788 1864 καὶ
816 1816 1090 1864 κοπιάσουσι
1120 1823 1373 1875 νεανίσκοι,
1406 1822 1484 1864 καὶ

69 1901 268 1944 ἐκλεκτοὶ
296 1898 507 1956 ἀνίσχυες
534 1898 782 1943 ἔσονται·“
820 1900 898 1941 καὶ
934 1897 1224 1942 τούναντίον·
1264 1901 1343 1953 ,,οἱ
1358 1898 1399 1955 ⁷)
1432 1899 1484 1942 δὲ

67 1976 371 2033 ὑπομένοντες
400 1974 481 2020 τὸν
499 1973 623 2030 θεὸν,
657 1971 928 2024 ἀλλὰξουσιν
950 1972 1099 2032 ἰσχὺν,
1131 1973 1483 2036 πτεροφυήσου-

70 2070 144 2099 σιν
174 2053 231 2103 ὡς
263 2052 407 2108 ἀετοὶ,
439 2054 743 2112 δραμοῦνται,
775 2055 853 2096 καὶ
882 2051 935 2096 οὐ
967 2049 1291 2097 κοπιάσουσι.“
1367 2052 1486 2102 Τοὺς

70 2129 301 2180 ἐκλεκτοὺς
345 2130 396 2174 δὲ
439 2133 524 2174 νῦν
569 2131 620 2174 ἓν
656 2134 791 2186 κακίᾳ
835 2133 1001 2188 φησίν·
1061 2127 1226 2173 ὁποῖόν
1272 2129 1365 2173 ἐστι
1407 2128 1482 2173 τό·

71 2208 241 2265 ,,καὶ8)
274 2205 328 2251 τὰ
366 2204 583 2265 βρώματα
624 2207 762 2252 αὐτοῦ
792 2205 1027 2251 ἑκλεκτά.“
1093 2208 1149 2250 Οἱ
1187 2205 1278 2249 κατ’
1318 2204 1485 2267 οέρετὴν

73 2282 197 2335 ὄντες
227 2286 440 2340 ἐκλεκτοὶ,
473 2283 564 2328 ὑπὸ
594 2288 672 2329 τοῦ
692 2281 1109 2342 Ναβουχοδονόσορ
1138 2287 1482 2329 καταπίνονται.

60 2359 198 2419 ’Έσχε
237 2362 287 2407 δὲ
325 2364 402 2406 καὶ
439 2365 718 2421 παρθένους,
769 2361 850 2413 τὰς
883 2362 972 2420 μὲν
1001 2360 1270 2417 ἑστιατικὰς,
1317 2359 1395 2412 τὰς
1434 2363 1485 2406 δὲ

72 2444 268 2496 Πυθίας,
298 2438 376 2489 τᾶς
403 2439 454 2483 δὲ
485 2435 641 2489 ἄλλως.
700 2442 792 2484 Καὶ
823 2438 947 2497 ψυχὴ
979 2440 1030 2484 δὲ
1057 2437 1121 2497 μὴ
1154 2441 1376 2496 δεξαμένη
1406 2439 1486 2484 τὸν

193 2607 233 2661 ¹)
265 2606 353 2650 Cfr.
384 2608 540 2648 Jerem.
571 2607 640 2659 LI,
672 2605 738 2650 17.
856 2607 899 2664 ²)
931 2607 1017 2650 Cfr.
1048 2609 1202 2650 Jerem.
1233 2609 1302 2659 LI,
1334 2607 1399 2652 17.

192 2677 234 2733 ³)
264 2678 284 2717 I
315 2677 416 2724 Cor.
446 2678 480 2729 I,
510 2675 576 2719 20.
696 2676 738 2733 ⁴)
771 2676 858 2718 Cfr.
887 2678 1042 2720 Jerem.
1073 2679 1142 2728 LI,
1172 2677 1238 2722 21.

192 2747 234 2802 ⁵)
263 2747 398 2788 Exod.
428 2748 520 2797 XV,
554 2748 590 2790 1.
711 2748 754 2803 6)
783 2745 908 2791 Jesai.
937 2747 1026 2799 XL,
1056 2748 1122 2792 30.

192 2816 234 2871 ⁷)
264 2817 386 2859 Jesai.
419 2818 507 2868 XL,
537 2817 601 2860 31.
722 2817 765 2872 ⁸)
796 2817 951 2860 Habac.
983 2819 1017 2870 I,
1050 2817 1113 2862 16.
