1763 3112
0 709 3 775 ἶ

6 910 15 926 0

651 65 851 108 Romam
879 67 998 108 XIX.
1461 70 1545 115 375

118 183 332 237 λέσομαι,·
348 181 376 201 “
405 179 533 221 ’Λλλά
555 181 627 222 δεῖ.
643 182 921 233 κατανοῆσαι
946 176 1192 233 συνθήκας,
1224 175 1275 227 ἃς
1302 182 1536 237 τιθέμεθα,

117 259 194 298 καὶ
225 255 302 304 τας
332 255 519 305 ἀθεσίας
548 255 711 310 αὐτῶν,
746 254 812 299 ὅτι
844 256 942 298 ἐστί
968 271 1077 298 ποτε
1108 252 1339 311 συνθήκας
1369 261 1535 302 θέσθαι

116 335 278 387 κακῶς,
308 335 385 374 καὶ
411 331 527 388 μετὰ
556 332 605 377 τὸ
633 338 799 377 θέσθαι
816 331 1046 387 συνθήκας
1064 335 1225 387 κακῶς,
1259 337 1353 377 εἴθε
1372 335 1410 388 ¹)
1428 336 1527 379 ἐπι-

114 412 334 464 καλοῖμεν
363 407 445 464 τὴν
485 410 692 455 ἀθεσίαν.
769 409 895 453 Οὕτω
943 410 994 453 δὲ
1031 412 1108 452 καὶ
1147 408 1228 452 ἐὰν
1266 411 1530 465 κατανοήσω

114 483 193 540 τὴν
221 488 441 529 πλατεῖαν
467 490 545 530 καὶ
575 486 856 544 εὐρύχωρον,
889 487 970 541 τὴν
1000 483 1275 543 ἀπάγουσαν
1306 490 1368 536 εἷς
1397 487 1528 531 ἀπώ-

109 566 256 617 λειαν,
296 566 373 606 καὶ
413 561 479 607 ὅτι
520 562 694 608 ὁδεύων
734 566 783 608 ἐν
824 564 932 624 αὐτῇ
965 563 1016 607 οὐ
1049 567 1344 623 ταλαιπωρῶ,
1383 582 1525 621 μετα-

106 644 250 695 βαίνω
283 639 374 685 ἀπὸ
405 643 480 694 τῆς
507 645 720 691 πλατείας
749 645 823 685 καὶ
855 638 1112 699 εὐρυχώρου
1155 640 1289 697 ὁδοῦ,
1332 646 1409 685 καὶ
1447 644 1524 698 ἕρ-

98 734 245 774 χομαι
279 718 356 761 ἐπὶ
383 717 465 773 τὴν
494 717 656 774 στενὴν
693 722 771 762 καὶ
809 721 1135 776 τεθλιμμένην,
1176 721 1254 761 καὶ
1293 722 1524 764 ταλαιπω-

106 797 199 853 ρῶν
227 798 369 852 λέγω·
401 799 751 854 9,ταλαιπωρίαν
769 797 811 853 ²)
843 798 1224 853 ἔπικαλέσομαιὲ(
1267 796 1523 854 Ἀθετεῖν3)

104 875 252 928 μέλλω
283 872 362 922 τὰς
392 871 622 928 συνθήκας
652 872 729 923 τὰς
758 872 871 929 πρὸς
900 872 981 917 τὸν
1011 870 1202 928 κόσμον,
1235 878 1312 917 καὶ
1351 873 1404 918 τὰ
1439 892 1522 919 κο-

101 948 242 1008 σμικά
272 948 547 1008 πράγματα,
603 953 679 994 ἵνα
732 947 945 1006 ἀναλάβω
994 950 1232 1006 οὐρανίους
1276 951 1518 1007 συνθήκας.

98 1027 398 1084 ,,Ἀθεσίαν4)
439 1028 817 1084 ἐπικαλέσομαι.“
889 1024 1015 1071 Οὕτω
1058 1028 1107 1070 δὲ
1149 1029 1413 1073 καταλιπών
1441 1029 1522 1073 τὸν

97 1108 202 1159 βίον
230 1103 309 1148 τὸν
337 1107 412 1159 τῆς
450 1107 663 1153 πλατείας
700 1106 778 1147 καὶ
807 1102 1068 1161 εὐρυχώρου
1098 1102 1232 1161 ὁδοῦ,
1274 1110 1350 1150 καὶ
1382 1106 1515 1166 ἐρχὸψ

96 1199 235 1236 μενος
272 1182 349 1225 ἐπὶ
383 1179 466 1237 τὴν
506 1179 670 1235 στενὴν
710 1185 788 1224 καὶ
824 1185 1152 1238 τεθλιμμένην,
1198 1185 1275 1226 ἵνα
1311 1188 1513 1242 γένωμαι

95 1263 380 1317 ταλαίπωρος
408 1257 467 1308 ὠς
495 1261 700 1313 Παῦλος,
739 1261 881 1314 λέγω·
899 1259 939 1315 ⁵)
978 1262 1323 1318 ,,ταλαιπωρίαν
1336 1261 1380 1316 ⁶)
1411 1263 1507 1305 ἐπι-

94 1338 395 1395 καλέσομαι.“
458 1335 521 1379 Οὐ
559 1333 650 1393 γὰρ
688 1338 778 1385 πᾶς
816 1332 1060 1391 ἅνθρωπος
1098 1337 1273 1394 ἒρεῖ·7)
1318 1342 1511 1393 ,,ταλαί-

94 1413 302 1473 πωροςῧ)
333 1411 422 1469 ἐγώ
455 1409 725 1471 ἅνθρωπος,
763 1416 828 1462 τίς
854 1431 913 1470 με
942 1411 1125 1472 ῥύσεται
1155 1415 1205 1458 ἐκ
1237 1417 1315 1458 τοῦ
1350 1414 1512 1472 σώμα-

93 1508 167 1540 τος
196 1494 274 1534 τοῦ
304 1488 509 1534 θανάτου
538 1487 769 1543 rethom-‘³
795 1490 904 1534 Ἀλλ’
940 1489 962 1534 ὁ
992 1489 1156 1546 νοήσας
1185 1489 1234 1535 τὸ
1265 1495 1398 1549 σῶμα
1429 1498 1508 1537 τοῦ

91 1565 312 1623 θανάτου,
346 1566 368 1612 ὁ
399 1570 625 1629 ῥυσθῆναι
651 1567 929 1625 βουλόμενος
960 1567 1051 1611 ἀπὸ
1082 1571 1161 1612 τοῦ
1193 1566 1400 1625 σώματος
1428 1575 1508 1614 τοῦ

89 1645 296 1690 θανάτου
324 1641 512 1701 τούτου,
545 1647 642 1702 ἐρεῖ
666 1645 742 1690 τὸ”
782 1649 1101 1702 »ταλαίπωρος
1118 1647 1160 1701 ⁹)
1194 1645 1283 1704 ἐγώ
1320 1642 1507 1702 ἅνθρω-

88 1725 224 1773 πος.“
276 1722 335 1768 ‘0
374 1723 426 1767 δὲ
465 1726 829 1781 φιλοσωματῶν,
880 1721 902 1767 ὁ
934 1722 1096 1778 πολὺς,
1144 1722 1166 1766 ὁ
1209 1723 1414 1767 ἀπιστῶν
1442 1727 1503 1781 τῷ

86 1804 299 1859 μέλλοντι,
326 1803 474 1854 αἰῶνι,
507 1800 558 1844 οὐ
589 1804 732 1859 λέγει·
765 1801 1167 1858 ,,ταλαίπωρος“0)
1197 1798 1287 1858 ἐγώ
1314 1798 1503 1860 ἅνθρω-

86 1878 236 1926 πος·“
268 1876 381 1920 ἀλλὰ
407 1881 641 1934 μακαρίζει
671 1877 847 1932 ἑαυτὸν,
883 1876 949 1921 ὅτι
981 1879 1104 1920 ἐστὶν
1131 1875 1394 1937 ἅνθρωπος,
1426 1881 1504 1923 καὶ

87 1955 163 1998 ἐπὶ
207 1954 354 2013 τῷη)
406 1951 522 2000 εἶναι
567 1957 617 2000 ἐν
659 1959 720 2013 τῷ
767 1959 845 2000 τοῦ
894 1952 1100 2000 θανάτου
1145 1954 1334 2012 σώματι.
1390 1954 1501 1999 Ἐὰν

199 2198 241 2253 ¹)
269 2197 350 2239 Ed.
380 2197 535 2240 Ruaei:
567 2203 664 2244 εἴτε.
842 2202 885 2258 ²)
913 2203 1070 2244 Jerem.
1099 2202 1194 2253 XX,
1225 2202 1266 2250 8,

198 2265 242 2323 3)
271 2268 324 2308 H.
354 2266 399 2307 in
428 2279 564 2311 textu:
602 2269 900 2323 ,,ἀσθενεῖν,“
945 2273 998 2313 ad
1028 2288 1155 2325 marg.
1195 2288 1319 2314 vero:
1361 2273 1493 2323 „Cod.

82 2322 325 2366 Vaticanus:
353 2322 580 2368 ἀθετεῖν.“

195 2393 237 2450 ⁴)
266 2393 423 2436 Jerem.
453 2395 550 2445 XX,
577 2395 616 2439 8.

195 2464 238 2519 5)
270 2463 379 2505 Edd.
410 2465 578 2507 Huetii:
608 2470 764 2525 λέγων.
884 2468 926 2524 ⁶)
955 2468 1111 2509 Jerem.
1142 2469 1236 2519 XX,
1266 2467 1306 2512 8.

195 2534 238 2591 ⁷)
268 2535 321 2576 H.
353 2535 406 2576 ad
435 2536 684 2588 marginem:
725 2539 862 2591 „Cod.
900 2539 1142 2581 Vaticanus:
1183 2542 1278 2597 ἐρεῖ
1304 2539 1374 2583 τό·
1412 2559 1487 2583 τα-

76 2609 328 2663 λαίπωρος“
358 2608 451 2649 κτλ.
626 2608 670 2663 8)
698 2609 822 2651 Rom.
855 2611 950 2660 VII,
979 2610 1046 2653 24.

192 2676 235 2730 ⁹)
265 2676 389 2717 Rom.
420 2676 515 2727 Vll,
546 2676 614 2720 24.
792 2680 859 2735 ¹⁰)
892 2681 1016 2721 Rom.
1047 2680 1142 2731 vll,
1171 2681 1239 2724 24.

167 2745 234 2801 Η)
264 2745 318 2787 H.
350 2745 392 2788 in
425 2758 560 2790 textu:
598 2746 725 2800 ‚,z‹5‚“
764 2750 815 2790 ad
845 2766 972 2804 marg.
1005 2767 1123 2793 vero:
1164 2751 1297 2803 „Cod.
1331 2749 1491 2792 Vatica-

243 2805 261 2814 ‹-

75 2818 168 2844 nus:
201 2808 308 2860 τῳ.“
