1734 3112
613 86 813 128 ΗοΜηῐΑ
836 85 886 126 V.
1393 86 1476 134 163

164 201 232 246 10.
279 198 498 257 ,,Διότι’)
540 200 694 243 ἔναντι
740 199 821 241 τοῦ
872 198 986 242 θεοῦ
1026 194 1159 254 ἡμῶν
1205 195 1474 257 ἡμάρτομεν

53 277 202 338 ἡμεῖς,
243 280 319 322 καὶ
357 279 400 321 οἱ
435 279 623 336 πατέρες
659 273 844 333 ἡμῶν.“
909 278 1026 319 Εἴθε
1055 277 1133 318 καὶ
1161 274 1292 333 ἡμεῖς
1326 279 1474 335 λέγω-

53 372 155 412 μεν,
188 353 246 404 ὡς
276 346 398 398 οὗτοι
427 353 541 398 κατὰ
571 352 651 410 τὴν
680 352 1064 409 προσωποποιῖαν
1092 355 1172 397 τοῦ
1202 352 1470 413 προφήτου·

55 431 404 492 ,,ἡμα’ρτομεν.“
473 430 537 475 Οὐ
554 432 597 487 ²)
637 427 804 473 ταύτόν
844 430 936 474 ἐστι
975 428 1055 473 τό·
1095 428 1471 491 ,,ἡμάρτομεν·“

579 509 608 530 “
649 505 672 550 ὁ
712 507 801 564 μὲν
837 505 928 565 γὰρ
966 508 1030 550 ἔτι
1068 507 1118 551 ἓν
1158 507 1358 568 ἁμαρτίᾳ
1389 506 1469 565 ὦν,

706 586 735 607 (ί

54 513 116 567 τῷ
133 524 144 534 ·
177 505 562 566 ,,ἁμαρτάνομεν·

52 585 116 643 μὴ
145 589 334 643 λεγέτω·
367 583 688 646 ,,ἡμάρτομεν·

52 667 139 720 βῶς
170 664 220 707 δὲ
249 661 546 721 μετανοήσας,
579 665 769 719 λεγέτω·
811 660 1180 721 ,,ἡμάρτομεν·“
1219 661 1278 713 ὠς
1314 667 1392 708 καὶ
1422 666 1474 709 ἐν

53 744 112 798 τῷ
143 739 317 796 Δανιὴλ
347 743 599 798 γέγραπται
636 738 960 799 ἐξομολόγησις
994 743 1085 784 τῶν
1120 744 1279 799 μηκέτι
1316 740 1472 800 ἆμαρ-

776 583 798 628 ὁ
842 585 892 629 δὲ
929 583 1307 644 προαμαρτήσας,
1339 586 1472 644 ἀκρι-

51 816 294 873 τανόντων,
329 814 580 875 λεγόντων·
613 814 912 876 ,,ἡμάρτομεν
929 818 986 873 3),
1010 816 1327 878 ἡνομήσαμεν·
1315 821 1363 846 ·“
1394 823 1472 863 καὶ

52 897 102 940 ἐν
130 899 359 971 ψαλμοῖς·
392 892 489 953 ,,μὴ
509 894 551 950 4)
579 897 789 954 μνησθῆς
817 893 952 954 ἡμῶν
984 894 1192 952 ἀνομιῶν
1209 895 1434 954 ἀρχαίων·
1423 900 1470 921 ·“

52 975 194 1031 φησὶν
225 971 248 1016 ὁ
287 970 535 1032 προφήτης.
602 974 694 1014 Καὶ
731 969 861 1028 ἡμεῖς
901 964 985 1016 οὖν
1023 972 1065 1022 ἐς
1052 972 1470 1034 ςομολογησώμεθα

51 1048 130 1099 τὰς
156 1048 403 1108 αμαρτίας,
459 1053 555 1094 εἴθε
591 1047 654 1106 μὴ
693 1047 878 1106 χθιζας,
931 1053 1027 1094 είθε
1064 1047 1129 1109 μὴ
1166 1067 1468 1108 τριημερινας,

52 1125 146 1170 ἀλλ’
168 1131 262 1172 εἴθε
286 1125 702 1184 ἐξομολογούμενοι
720 1124 1167 1184 ἐξομολογησώμεθα
1194 1130 1297 1186 περὶ
1317 1126 1473 1186 ἆμαρ-

52 1202 270 1262 τημοὶτων
297 1204 387 1263 πρὸ
417 1209 551 1249 πέντε
581 1207 658 1248 καὶ
688 1206 799 1248 δέκα
830 1203 944 1248 ἑτῶν
973 1208 1318 1262 γεγενημένων,
1349 1209 1410 1264 τῷ
1427 1204 1469 1264 ⁵)

50 1286 210 1340 μηκέτι
237 1281 468 1341 ἁμαρτίαν
504 1285 624 1340 ἔχειν
659 1281 752 1341 μετ’
787 1283 937 1325 ἐκεῖνα
977 1282 1052 1325 ἐπὶ
1092 1286 1225 1326 πέντε
1255 1286 1332 1326 καὶ
1363 1285 1472 1327 δέκα

49 1361 136 1415 ἔτη.
195 1364 255 1403 Εἰ
285 1361 336 1404 δὲ
357 1361 471 1416 χθὲς
499 1358 786 1419 ἡμάρτομεν,
829 1354 957 1402 οὔπω
973 1358 1016 1414 6)
1046 1356 1308 1408 οἷ’ξιόπιστοί
1334 1362 1474 1419 ἐσμεν

48 1435 462 1495 ἐξομολογούμενοι
497 1439 602 1496 περὶ
646 1439 739 1480 τῶν
786 1433 1125 1493 ἁμαρτημάτων
1161 1434 1316 1492 ἡμῶν·
1367 1438 1476 1484 οὐδὲ

43 1512 205 1573 χώραν
235 1516 325 1571 ἔχει
355 1513 702 1572 ἀπαλειφθῆναι
733 1511 786 1555 τὰ
818 1510 1123 1570 ἁμαρτήματα
1153 1512 1286 1569 ἡμῶν
1313 1517 1470 1560 ταῦτα.

52 1591 217 1647 „And-n
232 1591 274 1647 7)
305 1589 572 1648 ἡμάρτομεν
597 1589 744 1650 ἡμεῖς,
777 1593 854 1633 καὶ
886 1592 929 1634 οἱ
956 1593 1143 1648 πατέρες
1181 1588 1336 1648 ἡμῶν,
1379 1592 1470 1638 ἀπὸ

52 1666 259 1724 νεότητος
298 1666 431 1727 ἡμῶν
461 1668 542 1718 ἕως
579 1671 656 1723 τῆς
692 1666 863 1726 ἡμέρας
898 1664 1111 1722 ταύτης.“
1175 1666 1354 1713 Ἐκεῖνα
1381 1672 1472 1728 μὲν

51 1741 194 1794 άλλως
222 1749 417 1802 λελέχθω
453 1749 515 1795 εἲς
543 1747 845 1789 διδασκαλίαν
873 1742 956 1799 τὴν
970 1743 1017 1799 ⁸)
1047 1746 1152 1801 περὶ
1174 1743 1346 1805 τρόπου
1367 1745 1472 1805 ἀρί-

51 1840 159 1868 στου
189 1821 570 1882 ἒξομολογήσεως.
643 1825 795 1866 Ταῦτα
828 1823 880 1866 δέ
908 1822 1000 1865 ἐστι
1031 1828 1280 1880 κατηγορία
1311 1827 1391 1868 τοῦ
1422 1826 1472 1870 ἐκ

53 1904 222 1946 πολλοῦ
249 1898 547 1960 ἁμαρτάνειν.
608 1897 748 1955 ,,Ἀπὸ
765 1899 808 1956 ⁹)
839 1897 1058 1954 νεότητος,
1093 1903 1252 1956 φησὶν,
1286 1902 1369 1952 ἕως
1397 1905 1475 1959 τῆς

43 1978 220 2038 ἡμέρας
251 1975 422 2034 ταύτης,
458 1981 534 2021 καὶ
564 1976 647 2035 οὐχ
672 1974 1001 2033 ὑπηκούσαμεν
1030 1977 1190 2035 τῆςῑθ)
1218 1983 1376 2037 φωνῆς
1390 1997 1474 2024 κυ-

173 2169 212 2224 ¹)
239 2168 396 2209 Jerem.
428 2167 508 2218 ΙΙΙ,
538 2167 604 2211 25

169 2238 236 2307 ²)
241 2238 294 2278 Η.
327 2238 379 2278 ad
407 2254 532 2291 marg.
548 2269 558 2289 ,
596 2238 648 2279 R.
679 2237 720 2278 in
753 2236 884 2278 notis.
917 2236 1054 2289 „Cod.
1085 2236 1310 2280 Vaticanus
1339 2237 1473 2280 male.

59 2294 153 2340 Οὐκ
183 2292 348 2337 αὐτόνι

169 2364 211 2420 3)
246 2364 330 2405 Cfr.
362 2364 470 2409 Dan.
501 2364 576 2415 IX,
606 2363 645 2406 5.

170 2433 211 2490 ⁴)
240 2433 349 2473 Dan.
379 2433 573 2483 LXXIX,
602 2432 642 2476 8.
671 2433 956 2489 (LXXVIII.)

169 2504 212 2560 ⁵)
243 2503 296 2544 H.
328 2503 379 2544 ad
412 2517 554 2554 marg„
582 2502 633 2543 R.
666 2502 710 2543 in
739 2504 872 2545 notis:
905 2535 929 2555 ‚,
919 2503 1043 2554 ,C0d.
1065 2502 1198 2546 Vatic.
1222 2518 1468 2559 perperam:

53 2560 104 2607 τὸ
131 2564 333 2619 μηκέτι.“

171 2631 213 2686 ⁶)
243 2630 297 2671 H.
328 2629 380 2669 ad
409 2642 559 2678 marg„
588 2627 638 2668 R.
670 2627 712 2667 in
742 2629 876 2670 notis:
914 2630 1049 2680 „‚C0d
1088 2629 1222 2671 Vatic.
1252 2640 1471 2685 corrupte:

60 2686 208 2734 οὕτωῦ
402 2684 444 2740 '¹)
478 2683 564 2724 Csr.
594 2683 750 2724 Jerem.
782 2686 860 2736 ΙΙΙ,
889 2661 958 2729 25.

167 2758 210 2814 ⁸)
240 2757 320 2798 Ed.
349 2755 399 2796 R.
430 2753 542 2795 sola:
573 2755 660 2807 τῆς.
779 2754 822 2811 ⁹)
855 2755 941 2798 Cfr.
969 2757 1126 2797 Jerem.
1157 2756 1236 2804 ΙΙΙ,
1265 2754 1334 2798 25

145 2829 212 2883 ¹⁰)
245 2827 410 2868 Desunt
447 2823 490 2864 in
535 2823 640 2865 Cod.
681 2823 858 2869 scorial.
899 2826 1063 2883 (itemq.
1105 2825 1147 2867 in
1179 2824 1274 2865 edd.
1306 2823 1472 2882 Huetii)

1118 2900 1210 2945 11Ηκ
