1734 3112
674 78 815 119 LIBER
843 78 920 118 IV.
1453 83 1512 128 87

86 191 266 232 animam
281 199 632 247 persequerentur
649 188 784 245 impii,
805 189 878 230 ille
902 188 1128 244 psallebat,
1146 188 1306 232 dicens:
1340 191 1449 248 „ipsi
1467 194 1506 250 ¹)

85 281 225 310 autem
255 269 298 309 in
327 284 478 309 vanum
511 265 779 322 quaesierunt
808 265 988 306 anImam
1018 281 1170 317 meam,
1198 265 1435 310 introibunt
1462 269 1506 311 in

84 345 284 386 inferiora
303 356 450 395 terrae,
480 344 700 384 tradentur
730 343 772 383 in
793 359 939 383 manus
973 342 1114 395 gladii,
1144 355 1284 398 partes
1314 345 1506 401 vulpium

86 429 249 465 erunt.“
298 423 346 462 In
377 438 460 477 quo
491 420 638 477 utique
670 419 918 470 ostenditur,
950 421 1066 475 quod
1096 420 1211 461 vanis
1241 433 1281 462 et
1311 421 1504 465 inanibus

87 499 221 539 verbis
247 498 366 554 pravi
397 499 594 539 doctores
624 496 820 552 decipere
849 496 1040 538 volentes
1070 496 1252 538 animam
1283 497 1404 555 justi,
1441 499 1504 540 in-

86 575 216 615 troire
248 575 444 616 dicuntur
472 575 514 615 in
545 574 745 615 inferiora
774 585 930 623 terrae,
969 585 1123 614 terram
1160 585 1312 630 utpote
1340 575 1506 631 sapien-

84 663 159 702 tes,
190 663 232 692 et
261 652 314 692 de
343 663 454 692 terra
483 652 724 707 loquentes,
755 662 878 706 atque
909 650 952 690 in
982 650 1185 691 inferiora
1215 649 1324 708 ejus,
1354 651 1398 692 id
1429 663 1504 703 est,

85 726 126 768 in
156 728 418 782 profundum
447 729 647 770 stultitiae
688 728 1003 770 descendentes.
1062 727 1174 768 Puto
1214 728 1350 779 enim,
1387 730 1504 785 quod

84 803 147 854 hi,
179 805 250 860 qui
280 805 502 847 carnaliter
530 805 696 856 vivunt,
735 804 833 860 quia
862 804 941 845 sibi
971 804 1071 860 ipsis
1099 806 1397 846 tantummodo
1428 823 1506 847 no-

85 894 201 932 cent,
239 894 350 923 terra
391 899 478 923 esse
518 894 560 923 et
597 883 640 922 in
675 894 784 923 terra
813 880 1000 921 habitare
1031 881 1240 950 difuntur.
1300 881 1357 922 Hi
1388 898 1504 933 vero,

84 958 157 1014 qui
194 960 366 1000 terrenis
406 972 446 1001 et
485 960 718 1001 carnalibus
757 957 943 999 sensibus
974 958 1211 1014 Scripturas
1250 958 1505 1011 intelligunt,

85 1046 126 1074 et
155 1034 260 1076 alios
290 1036 346 1077 ita
378 1037 573 1077 docendo
606 1035 846 1091 decipiunt,
887 1052 965 1091 pro
997 1052 1048 1076 eo
1085 1035 1202 1091 ipso,
1240 1036 1357 1091 quod
1386 1051 1506 1088 argu-

83 1111 160 1152 tias
191 1113 390 1168 quasdam
422 1125 463 1153 et
494 1124 738 1166 argumenta
769 1112 944 1152 carnalis
987 1123 1030 1153 et
1057 1124 1247 1153 terrenae
1277 1112 1505 1168 sapientiae

85 1189 334 1241 confingant,
365 1190 409 1230 in
439 1190 640 1231 inferiora
669 1201 806 1230 terrae
838 1189 1038 1230 dicuntur
1064 1189 1247 1242 ingredi:
1279 1189 1348 1229 vel
1379 1200 1505 1238 certe,

83 1265 180 1321 quia
209 1266 370 1318 gravius
402 1267 666 1323 delinquunt,
699 1267 771 1322 qui
800 1278 964 1308 terrena
992 1268 1160 1316 docent,
1192 1283 1316 1322 quam
1348 1265 1420 1321 qui
1449 1266 1507 1307 ita

83 1342 240 1393 vivunt,
270 1343 320 1384 iis
350 1345 490 1384 futura
525 1359 663 1398 poena
693 1343 820 1383 etiam
850 1343 1016 1395 gravior
1045 1342 1258 1383 imminet:
1290 1343 1507 1398 iidemque

83 1418 164 1474 ipsi
194 1419 236 1460 in
266 1436 413 1460 manus
443 1419 573 1472 gladii
602 1419 797 1459 tradendi
826 1420 1146 1474 prophetantur,
1175 1419 1290 1459 illius
1319 1418 1507 1460 fortassis

83 1497 268 1537 flammei
299 1508 341 1536 et
368 1495 584 1537 versatilis.
632 1494 866 1549 Quomodo
898 1507 1040 1536 autem
1069 1507 1112 1536 et
1140 1507 1280 1551 partes
1311 1494 1506 1550 vulpium

83 1573 197 1624 fiant,
227 1573 454 1614 videamus.
516 1571 664 1614 Omnis
697 1572 834 1613 anima
864 1584 934 1613 aut
962 1589 1057 1628 pars
1090 1584 1150 1613 est
1178 1572 1276 1624 Dei,
1309 1584 1380 1612 aut
1410 1589 1506 1628 pars

84 1662 147 1691 est
186 1649 493 1708 cujuscunque,
533 1648 605 1705 qui
642 1649 806 1704 accepit
841 1660 1095 1705 potestatem
1134 1665 1263 1704 super
1299 1649 1505 1690 homines.

83 1729 191 1769 Nam
235 1728 425 1783 „cum²)
464 1726 673 1767 divideret
710 1725 935 1766 altissimus
965 1737 1128 1777 gentes,
1169 1737 1211 1766 et
1250 1725 1508 1781 dispergeret

83 1807 196 1848 filios
237 1806 395 1854 Adam,
443 1803 587 1844 statuit
635 1803 738 1843 fines
785 1802 973 1854 gentium
1013 1803 1243 1843 secundum
1283 1819 1507 1842 numerum

82 1884 327 1936 angelorum
368 1880 475 1921 Dei:
522 1891 564 1920 et
610 1881 720 1920 facta
765 1891 826 1920 est
871 1879 1014 1936 portio
1055 1880 1290 1936 Domini3)
1331 1881 1508 1921 Jacob.“

83 1961 193 2003 Cum
235 1976 331 2012 ergo
374 1968 559 2006 constet,
597 1973 938 2012 unamquamque
976 1956 1158 1997 animam
1195 1968 1267 1997 aut
1307 1957 1349 1997 in
1388 1968 1509 2013 parte

83 2037 180 2087 Dei,
211 2049 282 2078 aut
309 2037 353 2077 in
382 2046 502 2092 parte
528 2051 614 2075 esse
645 2034 817 2073 alterius
849 2033 1086 2091 cujuslibet,
1117 2033 1318 2090 quoniam
1336 2033 1507 2090 quidem

83 2130 161 2170 per
204 2113 367 2154 arbitrii
410 2113 649 2153 libertatem
693 2110 896 2167 possibile
940 2123 1023 2161 est,
1069 2126 1414 2166 unumquemque
1461 2126 1509 2150 ex

83 2202 201 2245 parte
231 2190 399 2231 alterius
428 2188 616 2239 transire,
647 2188 716 2229 vel
747 2187 800 2227 ad
828 2198 993 2243 partem
1021 2187 1120 2238 Dei,
1149 2187 1186 2228 si
1214 2186 1381 2237 melius,
1412 2186 1507 2242 ipso

87 2265 266 2324 juvante,
298 2266 484 2319 elegerit,
514 2265 584 2306 vel
613 2265 647 2306 si
676 2264 867 2320 nequius,
898 2266 952 2306 ad
977 2266 1233 2306 daemonum
1250 2263 1508 2320 portionem,

87 2342 184 2382 hinc
214 2342 366 2383 horum
393 2342 554 2384 mentio
585 2343 764 2383 habetur
801 2342 843 2382 in
871 2343 1058 2398 psalmo:
1110 2341 1182 2398 qui
1200 2342 1242 2397 4)
1282 2341 1325 2381 in
1355 2357 1509 2383 vanum

88 2419 356 2475 quaesierunt
384 2421 564 2460 animam
592 2419 714 2478 justi,
743 2430 882 2474 partes
914 2430 1037 2458 erunt
1065 2418 1282 2473 vulpium:
1313 2418 1446 2459 veluti
1475 2417 1511 2460 si

85 2497 269 2537 diceret:
299 2508 341 2537 et
362 2494 640 2551 pessimorum
662 2508 704 2537 et
721 2495 1076 2551 nequissimorum
1098 2496 1352 2537 daemonum
1372 2507 1509 2552 partes

210 2655 251 2712 ¹)
280 2656 435 2696 Psalm.
467 2655 633 2705 LXIII,
661 2654 700 2698 9.
733 2655 799 2698 10.
832 2655 1010 2712 (LXII.)

210 2726 253 2780 2)
285 2723 819 2774 Csr.Deut.XXX11‚8.9.
884 2725 927 2780 3)
955 2724 1511 2777 Edd.M.‚,domuiJacob.“

206 2802 250 2858 4)
282 2801 369 2845 Cfr.
403 2802 556 2844 Psalm.
590 2801 756 2851 LXIII,
784 2799 825 2844 9.
856 2801 919 2845 10.
951 2803 1130 2860 (LXII.)
