1734 3112
673 109 818 149 Lmen
846 109 923 149 III.
1467 112 1519 155 17

78 225 220 266 adhuc
254 235 362 274 sunt,
393 223 465 263 sed
483 222 534 262 ad
561 220 718 261 amicos
752 232 792 262 et
813 221 1038 263 familiares
1058 220 1215 276 sponsi,
1246 232 1294 261 ut
1323 223 1518 273 arbitror,

88 302 341 355 diriguntur:
388 316 411 341 a
457 299 607 356 quibus
654 299 823 340 videtur
868 313 1114 355 exposcere,
1157 309 1205 338 ut
1248 298 1518 342 introducant

89 396 179 421 eam
217 379 261 419 in
301 379 477 420 domum
518 376 725 427 laetitiae,
766 376 840 418 ubi
879 377 1023 418 vinum
1060 375 1242 425 bibitur,
1286 388 1326 417 et
1367 377 1517 433 epulae

94 467 304 513 parantur.
367 454 547 512 Quae¹)
587 454 699 496 enim
741 455 823 512 jam
864 455 1025 495 viderat
1065 454 1307 495 cubiculum
1344 456 1519 509 regium,

87 534 294 576 desiderat
334 532 458 574 etiam
497 549 607 575 nunc
653 535 791 586 regale
830 533 1006 574 introire
1049 532 1314 584 convivium,
1357 545 1397 574 et
1433 535 1518 576 frui

84 611 182 653 vino
226 610 423 653 laetitiae.
497 613 634 668 Supra
672 611 755 669 jam
797 611 998 661 diximus,
1039 610 1197 651 amicos
1236 612 1380 668 sponsi
1418 629 1518 668 pro·

84 689 229 746 phetas
262 701 303 730 et
334 705 492 740 omnes,
525 690 596 747 qui
627 690 971 731 ministraverunt
1000 690 1175 729 verbum
1196 689 1281 730 Dei
1312 691 1362 730 ab
1393 690 1515 732 initio

86 766 264 817 saeculi,
304 766 626 820 intelligendos,
673 770 725 810 ad
757 785 862 825 quos
893 779 1006 809 recte
1037 767 1107 808 vel
1139 767 1316 809 ecclesia
1348 768 1515 819 Christi,

82 845 150 886 vel
185 844 322 886 anima
353 847 484 887 verbo
515 847 601 888 Dei
633 847 859 889 adhaerens
900 847 1034 896 dicat,
1076 857 1124 886 ut
1161 862 1203 886 se
1244 846 1515 888 introducant

82 922 125 963 in
156 922 332 964 domum
372 923 480 974 vini,
518 924 563 964 id
604 936 685 975 est,
726 925 801 966 ubi
841 923 1043 981 sapientia
1072 923 1322 965 miscuit‘in
1355 936 1512 966 cratere

82 1000 228 1042 vinum
257 1017 402 1052 suum,
453 1012 494 1042 et
525 1002 776 1058 deprecatur
805 1018 884 1058 per
913 1018 1054 1043 servos
1085 1019 1182 1044 suos
1216 1018 1387 1044 omnem
1416 1003 1515 1044 insi-

83 1077 271 1133 pientem
304 1091 345 1119 et
376 1090 568 1132 egentem
598 1097 742 1132 sensu,
776 1080 940 1121 dicens:
985 1080 1234 1137 ‚,venite²)‚
1264 1082 1514 1123 manducate

83 1172 211 1211 panes
242 1173 382 1207 meos,
426 1169 467 1198 et
495 1158 628 1200 bibite
661 1159 833 1210 vinum,
873 1159 990 1215 quod
1028 1158 1178 1200 miscui
1208 1160 1372 1201 vobis.“
1431 1161 1515 1201 Ista

86 1244 147 1273 est
194 1234 345 1275 domus
394 1234 501 1287 vini,
551 1237 787 1293 domusque
837 1236 1044 1287 convivii,
1091 1237 1134 1278 in
1181 1253 1264 1293 quo
1316 1237 1512 1279 convivio

90 1325 248 1362 omnes,
282 1312 353 1369 qui
384 1312 557 1354 veniunt
577 1315 620 1371 ³)
654 1316 704 1355 ab
736 1314 897 1355 oriente
931 1326 971 1355 et
1003 1314 1238 1364 occidente,
1269 1317 1517 1356 recumbent

88 1404 182 1429 cum
213 1390 445 1440 Abraham,
485 1393 598 1432 Isaac
640 1404 681 1432 et
711 1393 843 1433 Jacob
882 1391 926 1432 in
964 1408 1093 1444 regno
1124 1392 1221 1436 Dei.
1246 1383 1261 1401 “
1282 1394 1349 1433 Ad
1390 1410 1514 1450 quam

87 1466 264 1506 domum
295 1479 336 1507 et
366 1469 419 1508 ad
450 1470 565 1523 quod
606 1469 846 1510 convivium
886 1469 1119 1525 prophetae
1160 1470 1398 1526 perducunt
1429 1471 1512 1512 ani-

87 1559 187 1594 mas,
218 1560 323 1600 quae
356 1557 497 1586 tamen
529 1562 600 1587 eos
631 1546 808 1588 audiunt
839 1558 879 1588 et
910 1546 1166 1599 intelligunt.
1210 1548 1294 1589 Sed
1318 1560 1359 1589 et
1383 1549 1514 1590 sancti

87 1621 224 1673 angeli
257 1622 541 1679 coelestesque
574 1623 767 1675 virtutes,
812 1640 916 1681 quae
949 1625 992 1665 in
1025 1624 1260 1665 ministerio
1291 1628 1518 1669 mittuntur

88 1709 267 1754 propter
301 1715 396 1750 eos,
437 1701 507 1757 qui
538 1700 840 1742 haereditatem
881 1702 1049 1758 capiunt
1089 1702 1244 1744 salutis.
1306 1704 1423 1745 Istud
1456 1716 1517 1747 est

87 1774 245 1826 vinum,
278 1775 345 1816 cui
375 1777 616 1818 scribuntur
644 1777 712 1819 isti
741 1778 906 1835 psalmi,
939 1780 1012 1837 qui
1040 1796 1119 1836 pro
1142 1782 1426 1824 torcularibus
1456 1796 1516 1825 at-

86 1851 320 1895 titulantur.
380 1854 555 1909 Istud⁴)
598 1865 660 1895 est
689 1854 833 1897 vinum
874 1873 921 1898 ex
960 1858 1034 1899 illa
1071 1858 1156 1900 vite
1194 1858 1516 1914 vindemiarum,

89 1945 193 1985 quae
225 1929 351 1971 dicit:
386 1947 491 1984 „ego
510 1932 551 1989 ⁵)
582 1949 672 1974 sum
705 1933 799 1975 vitis
830 1942 987 1977 vera:“
1020 1938 1136 1993 quod
1168 1938 1368 1994 expressit
1396 1952 1518 1997 pater

88 2007 280 2049 coelestis
312 2008 506 2061 agricola.
566 2011 687 2052 Istud
727 2023 789 2053 est
818 2013 986 2065 vinum,
1031 2016 1148 2071 quod
1187 2018 1419 2060 attulerunt
1449 2018 1515 2060 illi

91 2084 309 2139 palmites,
351 2086 422 2143 qui
452 2086 496 2127 in
525 2087 626 2128 Jesu
656 2104 977 2145 permanserunt
1015 2108 1101 2134 non
1139 2093 1278 2135 solum
1308 2094 1350 2136 in
1381 2096 1516 2148 terris,

93 2161 164 2202 sed
203 2163 328 2205 etiam
368 2164 412 2205 in
454 2165 597 2207 coelis.
658 2167 729 2209 Sic
769 2169 881 2210 enim
918 2170 1044 2211 audio
1087 2170 1217 2222 illud,
1260 2174 1377 2229 quod
1417 2175 1519 2215 dici-

93 2321 172 2364 τοῦ
223 2325 402 2367 οἴνου.“
481 2329 634 2370 Ταῦτα
674 2327 789 2385 πρὸς
831 2330 933 2380 τούς
981 2336 1143 2389 φίλους
1187 2336 1266 2377 τοῦ
1313 2340 1518 2394 νυμᾳιόυ

97 2395 227 2449 φησὶ,
260 2391 361 2442 τούς
392 2393 549 2452 ἁγίους
576 2397 814 2456 ἀγγέλους,
849 2399 876 2456 ἢ
902 2401 1187 2452 ἀποστόλους
1217 2420 1262 2448 τε
1292 2410 1368 2448 καὶ
1398 2424 1517 2465 ”9⁰⁶

92 2459 250 2518 φήτάς,
282 2471 533 2523 μονονουχὶ
554 2470 765 2526 λέγουσα·
799 2471 1151 2531 ,,συγκεράσα7έ
1174 2491 1234 2532 με
1257 2478 1316 2532 τῷ
1340 2475 1514 2536 σώματι

92 2533 170 2574 ’τοῦ
204 2536 459 2589 Χριστοῦ.“
517 2537 696 2582 Ruaeus.

210 2602 249 2659 ¹)
282 2602 391 2646 Edd.
423 2605 485 2647 M.
518 2606 667 2662 „Quae
698 2622 838 2653 autem
869 2611 1072 2655 viderat“
1105 2625 1181 2656 etc.

206 2672 248 2729 ²)
281 2673 407 2716 Prov.
439 2675 523 2727 IX,
554 2677 593 2720 5.
715 2682 757 2739 3)
792 2682 877 2725 Cfr.
910 2684 1061 2726 Matth.
1092 2685 1220 2737 VIII,
1253 2685 1318 2728 11.

114 2798 123 2807 ·
207 2743 248 2800 ⁴)
279 2744 443 2787 Desunt
474 2748 625 2789 verba:
657 2751 802 2800 „Istud
833 2766 894 2795 est
925 2755 1070 2796 vinum
1101 2773 1171 2796 --:
1204 2755 1321 2811 quod
1351 2770 1518 2813 expres·-

92 2809 145 2839 slt
177 2821 227 2829 -—
260 2802 491 2854 agricola,“
523 2804 565 2845 in
597 2807 690 2848 edd.
722 2808 783 2849 M.

208 2871 252 2927 ⁵)
282 2871 359 2913 Ev.
390 2873 542 2916 Joann.
572 2876 666 2927 XV,
700 2877 735 2919 1.

97 2945 316 2991 OmGEMs
344 2949 516 2994 OPERA.
564 2953 683 2996 ΤοΜ.
700 2953 799 2997 XV.
1174 2959 1201 3003 2
