1734 3112
669 103 810 142 Lmssn
841 102 911 141 IV.
1452 104 1503 148 81

86 227 363 273 posteaquam
402 211 602 254 dormivit
649 212 691 252 in
738 211 881 251 medio
929 209 1127 250 sortium:
1188 208 1326 250 media
1365 223 1503 254 autem

85 293 195 333 inter
241 293 340 332 duas
384 289 626 331 vocationes
666 288 832 330 Israelis
873 286 1048 327 ecclesia
1086 296 1233 326 vocata
1276 296 1357 336 est,
1407 288 1502 342 quia

82 369 223 425 primo
253 367 382 409 Israel
412 377 582 407 vocatus
614 376 697 414 est,
735 375 832 420 post
862 364 985 413 haec,
1024 362 1098 403 ubi
1128 363 1217 418 ipse
1249 363 1433 404 offendit
1463 376 1503 405 et

85 446 236 487 cecidit
253 445 306 500 ¹),
338 454 484 484 vocata
513 454 576 483 est
607 441 782 482 ecclesia
812 440 1020 493 gentium:
1055 453 1151 479 cum
1181 451 1321 480 autern
1337 440 1379 495 ²)
1412 440 1503 496 ple-

81 523 230 563 nitudo
260 520 445 573 gentium
464 518 688 568 introierit,
720 529 811 558 tum
841 517 995 557 iterum
1027 516 1164 558 omnis
1180 517 1310 557 Israel
1332 528 1504 559 vocatus

81 598 326 640 salvabitur:
371 596 413 636 in
444 595 588 637 medio
621 611 718 647 ergo
750 595 954 650 harum3)
988 595 1164 635 duarum
1196 593 1374 634 sortium
1405 595 1505 635 dor-

79 676 158 716 mit
186 674 375 715 ecclesia.
418 675 475 715 Et
493 684 672 729 propter
686 673 769 712 hoe
790 672 907 712 dedit
935 672 974 712 ei
1003 688 1189 727 „pennas
1207 673 1248 726 ⁴)
1281 671 1503 713 columbae

81 753 421 804 deargentatas:“
453 751 570 807 quod
599 749 805 802 significat
832 748 1104 790 rationabiles
1130 765 1287 804 pennas
1310 749 1352 790 in
1370 749 1502 790 sancti

79 827 259 883 Spiritus
298 826 432 867 donis.
504 827 593 878 „Et
613 827 652 883 5)
695 826 935 882 posteriora
975 826 1090 866 dorsi
1129 825 1268 884 ejus,“
1314 826 1384 867 vel
1423 827 1503 877 „in

79 903 289 945 viriditate
319 903 465 954 auri,“
503 915 550 944 ut
580 903 751 959 quidam
785 903 949 955 legunt,
988 904 1076 953 vel,
1114 914 1163 943 ut
1193 902 1267 943 alii
1295 903 1501 960 scriptum

79 981 252 1022 habent:
293 980 373 1030 „in
402 981 568 1036 pallore
599 981 730 1022 auri.“
790 980 921 1034 Quod
953 981 1176 1021 ostendere
1207 992 1370 1035 potest,
1403 981 1501 1037 quia

79 1057 292 1113 posterior
319 1057 393 1097 illa
424 1057 606 1107 vocatio,
639 1074 762 1114 quam
795 1075 844 1098 ex
876 1057 1006 1098 Israel
1036 1058 1222 1098 futuram
1252 1057 1355 1099 dicit
1384 1060 1502 1114 Apo-

77 1136 233 1186 stolus,
270 1151 357 1175 non
397 1134 477 1175 erit
512 1134 556 1175 in
587 1135 852 1176 observantia
890 1134 1014 1187 legis,
1055 1135 1130 1175 sed
1158 1133 1200 1174 in
1239 1134 1502 1189 pretiositate

77 1212 190 1254 fidei.
248 1211 354 1253 Auri
381 1228 563 1268 namque
594 1212 815 1253 viriditatis
833 1213 874 1267 6)
908 1211 1014 1264 gerit
1043 1211 1250 1267 speciem,
1280 1212 1386 1252 fides
1416 1211 1500 1252 vir-

76 1289 235 1330 tutibus
274 1289 442 1330 florens.
516 1290 664 1330 Potest
707 1301 846 1330 autem
893 1289 977 1330 dici
1021 1289 1065 1329 in
1108 1288 1250 1329 medio
1268 1288 1310 1345 ⁷)
1357 1304 1500 1329 earum

76 1366 253 1407 sortium
286 1366 486 1417 dormire,
517 1367 585 1407 vel
616 1366 830 1422 quiescere
862 1365 1051 1415 ecclesia,
1080 1366 1123 1406 in
1144 1364 1289 1405 medio
1317 1366 1501 1406 duorum

76 1438 446 1485 testamentorum:
493 1454 534 1482 et
571 1458 735 1498 pennae
776 1442 864 1499 ejus
902 1443 1190 1495 deargentatae
1230 1458 1278 1482 ex
1312 1442 1501 1484 sensibus

76 1519 192 1572 legis.
251 1521 415 1559 Aurum
444 1518 487 1558 in
517 1518 825 1573 posterioribus
865 1519 980 1559 dorsi
1019 1517 1126 1575 ejus,
1166 1518 1346 1571 intelligi
1376 1535 1500 1560 evan-

76 1596 202 1649 gelici
239 1595 424 1636 muneris
465 1596 624 1636 donum
663 1607 817 1651 potest.
888 1596 956 1636 Ad
996 1596 1102 1637 hanc
1141 1612 1239 1649 ergo
1278 1596 1500 1638 ecclesiam

76 1672 182 1714 dicit
213 1672 422 1714 Christus:
468 1671 586 1722 veni,
615 1684 662 1713 tu
694 1673 891 1712 columba
920 1688 1036 1721 mea,
1068 1683 1110 1712 et
1139 1671 1256 1722 veni,
1285 1671 1329 1712 in
1359 1672 1500 1728 operi-

75 1761 221 1790 mento
259 1760 422 1806 petrae:
477 1749 633 1790 docens
672 1764 786 1799 eam,
824 1760 872 1789 ut
910 1760 1056 1804 operta
1097 1748 1258 1798 veniat,
1304 1764 1359 1789 ne
1397 1748 1501 1805 quid

75 1825 260 1882 patiatur
287 1827 338 1866 ab
368 1825 674 1867 incursantibus
697 1841 789 1866 eam
809 1825 1125 1876 tentationibus,
1155 1826 1230 1866 sed
1249 1826 1326 1866 sub
1348 1826 1500 1867 umbra

74 1914 221 1958 petrae
249 1902 416 1944 incedat
455 1904 644 1953 obtecta,
685 1902 848 1944 dicens:
896 1902 1101 1958 „spiritus
1116 1902 1159 1958 ⁸)
1195 1903 1337 1943 vultus
1365 1903 1501 1944 nostri

78 1978 264 2021 Christus
293 1979 527 2030 Dominus,
566 1979 635 2021 cui
674 1979 876 2021 diximus:
921 1979 966 2020 in
1001 1981 1152 2021 umbra
1191 1978 1278 2037 ejus
1309 1979 1498 2021 vivemus

78 2054 122 2096 in
158 2056 399 2109 gentibus.“
459 2056 642 2099 Obtecta
682 2069 822 2098 autem
860 2056 1021 2097 incedit
1058 2068 1101 2097 et
1136 2057 1361 2113 adoperta,
1399 2057 1498 2114 quia

78 2132 205 2173 debet
225 2145 481 2189 potestatem
504 2135 659 2176 habere
678 2151 806 2191 super
831 2145 956 2190 caput
971 2145 1151 2190 propter
1173 2133 1356 2186 angelos.
1389 2134 1498 2176 Cum

200 2296 237 2351 ¹)
267 2296 377 2339 Edd.
407 2299 468 2339 M.
502 2300 747 2349 „occidit.“

196 2365 238 2421 ²)
269 2366 400 2408 Deest
429 2376 625 2417 „aute'm“
647 2369 690 2410 in
714 2371 810 2411 edd.
828 2371 888 2412 M.
922 2394 972 2400 —
1006 2370 1093 2411 Cfr.
1110 2371 1234 2411 Rom.
1252 2368 1328 2417 XI,
1345 2367 1410 2411 25.
1429 2367 1497 2411 26.

196 2438 240 2491 3)
270 2437 404 2478 Deest
433 2439 647 2488 ‚,harum“
677 2439 721 2480 in
753 2440 846 2480 edd.
878 2440 940 2482 M.

196 2506 239 2561 ⁴)
269 2506 424 2548 Psalm.
454 2508 659 2559 LXVIII,
690 2509 755 2553 13.
876 2511 917 2566 ⁵)
947 2511 1101 2551 Psalm.
1131 2509 1336 2558 LXVIII,
1370 2509 1435 2552 13.

194 2577 238 2628 ⁶)
270 2575 380 2617 Edd.
419 2576 480 2617 Μ.
525 2576 746 2627 „viriditas
789 2579 895 2632 gerit
934 2580 1133 2636 speciem.
1191 2578 1320 2620 Fides
1360 2590 1498 2619 autem

81 2631 344 2672 virtutibus“
373 2643 451 2673 etc.

198 2701 238 2753 ⁷)
269 2701 377 2743 Edd.
409 2702 470 2742 Μ.
502 2718 746 2758 perperam:
778 2706 948 2755 „medio
979 2706 1158 2748 fortium
1189 2703 1417 2747 d01·mi1·e.“
1451 2724 1500 2730 —

83 2756 166 2799 Csr.
196 2757 352 2799 Psalm.
382 2759 590 2808 LXVIII,
623 2759 686 2803 13.

195 2827 237 2884 ⁸)
270 2829 425 2870 Thren.
458 2829 530 2877 IV,
563 2827 631 2871 20.

83 2903 298 2948 Omossms
325 2905 495 2948 OPERA.
543 2905 663 2948 Tom.
680 2905 772 2947 XV.
1170 2908 1196 2948 6
