<?xml version="1.0" encoding="UTF-8"?>
<!DOCTYPE html PUBLIC "-//W3C//DTD XHTML 1.0 Transitional//EN"
    "http://www.w3.org/TR/xhtml1/DTD/xhtml1-transitional.dtd">
<html xmlns="http://www.w3.org/1999/xhtml" xml:lang="en" lang="en">
 <head>
  <title>
</title>
<meta http-equiv="Content-Type" content="text/html;charset=utf-8" />
  <meta name='ocr-system' content='tesseract 3.04.00' />
  <meta name='ocr-capabilities' content='ocr_page ocr_carea ocr_par ocr_line ocrx_word'/>
</head>
<body>
  <div class='ocr_page' id='page_1' title='image "./operaomniaquaegr15orig/operaomniaquaegr15orig_0132.png"; bbox 0 0 1734 3112; ppageno 0'>
   <div class='ocr_carea' id='block_1_1' title="bbox 209 102 1214 148">
    <p class='ocr_par' dir='ltr' id='par_1_1' title="bbox 209 102 1214 148">
     <span class='ocr_line' id='line_1_1' title="bbox 209 102 1214 148; baseline -0.003 -1"><span class='ocrx_word' id='word_1_1' title='bbox 209 103 292 148; x_wconf 67' lang='lat'><em>118</em></span> <span class='ocrx_word' id='word_1_2' title='bbox 641 102 865 146; x_wconf 76' lang='lat' dir='ltr'>Offlffl-:Ms</span> <span class='ocrx_word' id='word_1_3' title='bbox 899 116 945 145; x_wconf 74' lang='lat' dir='ltr'>m</span> <span class='ocrx_word' id='word_1_4' title='bbox 974 103 1214 145; x_wconf 74' lang='lat' dir='ltr'><em>JEREMIAM</em></span> 
     </span>
    </p>
   </div>
   <div class='ocr_carea' id='block_1_2' title="bbox 207 212 1729 1050">
    <p class='ocr_par' dir='ltr' id='par_1_2' title="bbox 207 212 1729 1050">
     <span class='ocr_line' id='line_1_2' title="bbox 207 212 1647 274; baseline 0 -16"><span class='ocrx_word' id='word_1_5' title='bbox 207 212 461 274; x_wconf 77' lang='grc' dir='ltr'><em>μανθάνω,</em></span> <span class='ocrx_word' id='word_1_6' title='bbox 498 214 767 271; x_wconf 85' lang='grc' dir='ltr'><em>βιαζόμενος</em></span> <span class='ocrx_word' id='word_1_7' title='bbox 807 213 1007 273; x_wconf 73' lang='grc' dir='ltr'><em>ἐμαυτὸν</em></span> <span class='ocrx_word' id='word_1_8' title='bbox 1054 218 1301 270; x_wconf 81' lang='grc' dir='ltr'><em>ψελλίζειν,</em></span> <span class='ocrx_word' id='word_1_9' title='bbox 1342 213 1414 259; x_wconf 79' lang='grc' dir='ltr'><em>ὅτε</em></span> <span class='ocrx_word' id='word_1_10' title='bbox 1443 216 1647 266; x_wconf 86' lang='grc' dir='ltr'><em>παιδίοις</em></span> 
     </span>
     <span class='ocr_line' id='line_1_3' title="bbox 207 290 1646 353; baseline 0 -18"><span class='ocrx_word' id='word_1_11' title='bbox 207 294 509 351; x_wconf 70' lang='grc' dir='ltr'><em>διαλέγομαι·</em></span> <span class='ocrx_word' id='word_1_12' title='bbox 544 317 596 326; x_wconf 89' lang='lat'><em>—·-</em></span> <span class='ocrx_word' id='word_1_13' title='bbox 629 293 683 337; x_wconf 84' lang='grc' dir='ltr'><em>οὐ</em></span> <span class='ocrx_word' id='word_1_14' title='bbox 714 292 806 353; x_wconf 75' lang='grc' dir='ltr'><em>γὰρ</em></span> <span class='ocrx_word' id='word_1_15' title='bbox 837 291 1141 350; x_wconf 76' lang='grc' dir='ltr'><em>ἐπιστάμενος</em></span> <span class='ocrx_word' id='word_1_16' title='bbox 1167 294 1390 348; x_wconf 85' lang='grc' dir='ltr'><em>παιδιστὶ,</em></span> <span class='ocrx_word' id='word_1_17' title='bbox 1423 292 1476 335; x_wconf 78' lang='grc' dir='ltr'><em>ἵν’</em></span> <span class='ocrx_word' id='word_1_18' title='bbox 1506 290 1646 341; x_wconf 74' lang='grc' dir='ltr'><em>οὕτως</em></span> 
     </span>
     <span class='ocr_line' id='line_1_4' title="bbox 211 366 1646 429; baseline -0.003 -13"><span class='ocrx_word' id='word_1_19' title='bbox 211 374 350 422; x_wconf 82' lang='grc' dir='ltr'><em>εἴπω,</em></span> <span class='ocrx_word' id='word_1_20' title='bbox 381 374 558 426; x_wconf 78' lang='grc' dir='ltr'><em>λαλεῖν,</em></span> <span class='ocrx_word' id='word_1_21' title='bbox 589 368 803 427; x_wconf 78' lang='grc' dir='ltr'>βιάζομαι</span> <span class='ocrx_word' id='word_1_22' title='bbox 835 374 999 420; x_wconf 87' lang='grc' dir='ltr'><em>τέλειος</em></span> <span class='ocrx_word' id='word_1_23' title='bbox 1030 366 1116 414; x_wconf 79' lang='grc' dir='ltr'><em>ὤν·</em></span> <span class='ocrx_word' id='word_1_24' title='bbox 1152 396 1203 404; x_wconf 91' lang='grc'><strong>-</strong></span> <span class='ocrx_word' id='word_1_25' title='bbox 1236 369 1377 419; x_wconf 78' lang='grc' dir='ltr'><em>οὕτως</em></span> <span class='ocrx_word' id='word_1_26' title='bbox 1406 372 1484 412; x_wconf 80' lang='grc' dir='ltr'><em>καὶ</em></span> <span class='ocrx_word' id='word_1_27' title='bbox 1515 369 1566 414; x_wconf 73' lang='grc' dir='ltr'><em>ἐν</em></span> <span class='ocrx_word' id='word_1_28' title='bbox 1596 371 1646 429; x_wconf 78' lang='grc' dir='ltr'><em>τῇ</em></span> 
     </span>
     <span class='ocr_line' id='line_1_5' title="bbox 209 446 1647 506; baseline -0.002 -14"><span class='ocrx_word' id='word_1_29' title='bbox 209 447 523 506; x_wconf 77' lang='grc' dir='ltr'><em>μεγαλειότητι</em></span> <span class='ocrx_word' id='word_1_30' title='bbox 562 452 640 505; x_wconf 85' lang='grc' dir='ltr'><em>τῆς</em></span> <span class='ocrx_word' id='word_1_31' title='bbox 669 447 802 503; x_wconf 79' lang='grc' dir='ltr'><em>δόξης</em></span> <span class='ocrx_word' id='word_1_32' title='bbox 840 451 922 492; x_wconf 84' lang='grc' dir='ltr'><em>τοῦ</em></span> <span class='ocrx_word' id='word_1_33' title='bbox 960 450 1073 493; x_wconf 84' lang='grc' dir='ltr'><em>θεοῦ</em></span> <span class='ocrx_word' id='word_1_34' title='bbox 1104 446 1373 506; x_wconf 79' lang='grc' dir='ltr'><em>τυγχάνων,</em></span> <span class='ocrx_word' id='word_1_35' title='bbox 1424 446 1475 491; x_wconf 85' lang='grc' dir='ltr'><em>οὐ</em></span> <span class='ocrx_word' id='word_1_36' title='bbox 1516 449 1647 491; x_wconf 88' lang='grc' dir='ltr'><em>λαλεῖ</em></span> 
     </span>
     <span class='ocr_line' id='line_1_6' title="bbox 209 522 1646 586; baseline -0.001 -17"><span class='ocrx_word' id='word_1_37' title='bbox 209 523 510 586; x_wconf 71' lang='grc' dir='ltr'><em>ἀνθρώπινα,</em></span> <span class='ocrx_word' id='word_1_38' title='bbox 555 525 638 571; x_wconf 83' lang='grc' dir='ltr'><em>οὐκ</em></span> <span class='ocrx_word' id='word_1_39' title='bbox 678 522 774 570; x_wconf 83' lang='grc' dir='ltr'><em>οἶδε</em></span> <span class='ocrx_word' id='word_1_40' title='bbox 814 529 1107 584; x_wconf 71' lang='grc' dir='ltr'><em>φθέγγεσθαι</em></span> <span class='ocrx_word' id='word_1_41' title='bbox 1144 530 1238 574; x_wconf 88' lang='grc' dir='ltr'><em>τοῖς</em></span> <span class='ocrx_word' id='word_1_42' title='bbox 1274 523 1412 569; x_wconf 80' lang='grc' dir='ltr'><em>κάτω.</em></span> <span class='ocrx_word' id='word_1_43' title='bbox 1463 522 1563 568; x_wconf 85' lang='grc' dir='ltr'><em>Ὅτε</em></span> <span class='ocrx_word' id='word_1_44' title='bbox 1596 525 1646 568; x_wconf 79' lang='grc' dir='ltr'><em>δὲ</em></span> 
     </span>
     <span class='ocr_line' id='line_1_7' title="bbox 209 599 1644 662; baseline -0.002 -16"><span class='ocrx_word' id='word_1_45' title='bbox 209 603 386 660; x_wconf 75' lang='grc' dir='ltr'><em>ἔρχεται</em></span> <span class='ocrx_word' id='word_1_46' title='bbox 419 606 481 652; x_wconf 77' lang='grc' dir='ltr'><em>εἷς</em></span> <span class='ocrx_word' id='word_1_47' title='bbox 510 606 642 662; x_wconf 84' lang='grc' dir='ltr'><em>σῶμα</em></span> <span class='ocrx_word' id='word_1_48' title='bbox 682 600 1003 660; x_wconf 81' lang='grc' dir='ltr'><em>ἀνθρώπινον,</em></span> <span class='ocrx_word' id='word_1_49' title='bbox 1047 605 1167 659; x_wconf 80' lang='grc' dir='ltr'><em>λέγει</em></span> <span class='ocrx_word' id='word_1_50' title='bbox 1205 602 1318 646; x_wconf 83' lang='grc' dir='ltr'><em>κατὰ</em></span> <span class='ocrx_word' id='word_1_51' title='bbox 1359 601 1438 652; x_wconf 75' lang='grc' dir='ltr'><em>τὰς</em></span> <span class='ocrx_word' id='word_1_52' title='bbox 1478 599 1644 658; x_wconf 76' lang='grc' dir='ltr'><em>ἀρχάς·</em></span> 
     </span>
     <span class='ocr_line' id='line_1_8' title="bbox 210 677 1729 746; baseline -0.002 -22"><span class='ocrx_word' id='word_1_53' title='bbox 210 679 398 737; x_wconf 73' lang='grc' dir='ltr'><em>,,οὐκ’)</em></span> <span class='ocrx_word' id='word_1_54' title='bbox 445 681 695 740; x_wconf 75' lang='grc' dir='ltr'><em>ἐπίσταμαι.</em></span> <span class='ocrx_word' id='word_1_55' title='bbox 736 684 919 732; x_wconf 83' lang='grc' dir='ltr'><em>λαλεῖν,</em></span> <span class='ocrx_word' id='word_1_56' title='bbox 973 678 1042 724; x_wconf 83' lang='grc' dir='ltr'><em>ὅτι</em></span> <span class='ocrx_word' id='word_1_57' title='bbox 1088 677 1304 739; x_wconf 85' lang='grc' dir='ltr'><em>νεώτερος</em></span> <span class='ocrx_word' id='word_1_58' title='bbox 1345 677 1436 736; x_wconf 74' lang='grc' dir='ltr'><em>ἐγώ</em></span> <span class='ocrx_word' id='word_1_59' title='bbox 1482 680 1645 737; x_wconf 76' lang='grc' dir='ltr'><em>εἰμι·“</em></span> <span class='ocrx_word' id='word_1_60' title='bbox 1726 732 1729 746; x_wconf 54' lang='grc' dir='ltr'>Ι</span> 
     </span>
     <span class='ocr_line' id='line_1_9' title="bbox 211 753 1727 817; baseline -0.001 -16"><span class='ocrx_word' id='word_1_61' title='bbox 211 755 428 817; x_wconf 84' lang='grc' dir='ltr'><em>νεώτερος</em></span> <span class='ocrx_word' id='word_1_62' title='bbox 469 759 521 802; x_wconf 78' lang='grc' dir='ltr'><em>δὲ</em></span> <span class='ocrx_word' id='word_1_63' title='bbox 559 756 637 802; x_wconf 77' lang='grc' dir='ltr'><em>δια</em></span> <span class='ocrx_word' id='word_1_64' title='bbox 667 756 749 814; x_wconf 88' lang='grc' dir='ltr'><em>τὴν</em></span> <span class='ocrx_word' id='word_1_65' title='bbox 779 761 960 816; x_wconf 85' lang='grc' dir='ltr'><em>γένεσιν</em></span> <span class='ocrx_word' id='word_1_66' title='bbox 989 755 1073 813; x_wconf 87' lang='grc' dir='ltr'><em>τὴν</em></span> <span class='ocrx_word' id='word_1_67' title='bbox 1116 755 1406 814; x_wconf 80' lang='grc' dir='ltr'><em>σωματικὴν,</em></span> <span class='ocrx_word' id='word_1_68' title='bbox 1446 753 1649 814; x_wconf 81' lang='grc' dir='ltr'><em>πρεσβύ-</em></span> <span class='ocrx_word' id='word_1_69' title='bbox 1706 778 1727 784; x_wconf 73' lang='lat'><em>—</em></span> 
     </span>
     <span class='ocr_line' id='line_1_10' title="bbox 213 832 1649 895; baseline -0.001 -16"><span class='ocrx_word' id='word_1_70' title='bbox 213 852 340 893; x_wconf 88' lang='grc' dir='ltr'><em>τερος</em></span> <span class='ocrx_word' id='word_1_71' title='bbox 370 837 420 880; x_wconf 82' lang='grc' dir='ltr'><em>δὲ</em></span> <span class='ocrx_word' id='word_1_72' title='bbox 450 835 565 880; x_wconf 73' lang='grc' dir='ltr'><em>κατα</em></span> <span class='ocrx_word' id='word_1_73' title='bbox 598 834 664 881; x_wconf 88' lang='grc' dir='ltr'><em>τό·</em></span> <span class='ocrx_word' id='word_1_74' title='bbox 698 832 1020 895; x_wconf 86' lang='grc' dir='ltr'><em>,,πρωτότοκος</em></span> <span class='ocrx_word' id='word_1_75' title='bbox 1036 837 1080 893; x_wconf 84' lang='lat'><em>²)</em></span> <span class='ocrx_word' id='word_1_76' title='bbox 1112 833 1263 890; x_wconf 79' lang='grc' dir='ltr'><em>πάσης</em></span> <span class='ocrx_word' id='word_1_77' title='bbox 1293 837 1369 890; x_wconf 85' lang='grc' dir='ltr'><em>τῆς</em></span> <span class='ocrx_word' id='word_1_78' title='bbox 1397 835 1649 883; x_wconf 83' lang='grc' dir='ltr'><em>κτίσεως·“</em></span> 
     </span>
     <span class='ocr_line' id='line_1_11' title="bbox 213 904 1651 971; baseline -0.003 -14"><span class='ocrx_word' id='word_1_79' title='bbox 213 910 454 971; x_wconf 83' lang='grc' dir='ltr'><em>νεώτερος,</em></span> <span class='ocrx_word' id='word_1_80' title='bbox 500 911 568 958; x_wconf 84' lang='grc' dir='ltr'><em>ὅτι</em></span> <span class='ocrx_word' id='word_1_81' title='bbox 616 913 695 957; x_wconf 73' lang='grc' dir='ltr'><em>ἐπὶ</em></span> <span class='ocrx_word' id='word_1_82' title='bbox 739 916 972 969; x_wconf 60' lang='grc' dir='ltr'><em>συντελείᾳ</em></span> <span class='ocrx_word' id='word_1_83' title='bbox 1022 915 1114 957; x_wconf 85' lang='grc' dir='ltr'><em>τῶν</em></span> <span class='ocrx_word' id='word_1_84' title='bbox 1160 909 1343 956; x_wconf 83' lang='grc' dir='ltr'><em>αἰώνων</em></span> <span class='ocrx_word' id='word_1_85' title='bbox 1386 904 1524 967; x_wconf 80' lang='grc' dir='ltr'><em>ἦλθε,</em></span> <span class='ocrx_word' id='word_1_86' title='bbox 1572 914 1651 954; x_wconf 82' lang='grc' dir='ltr'><em>καὶ</em></span> 
     </span>
     <span class='ocr_line' id='line_1_12' title="bbox 212 980 1650 1050; baseline -0.001 -17"><span class='ocrx_word' id='word_1_87' title='bbox 212 987 405 1050; x_wconf 74' lang='grc' dir='ltr'><em>ὕστερον</em></span> <span class='ocrx_word' id='word_1_88' title='bbox 434 993 495 1048; x_wconf 78' lang='grc' dir='ltr'><em>τῷ</em></span> <span class='ocrx_word' id='word_1_89' title='bbox 525 995 612 1047; x_wconf 83' lang='grc' dir='ltr'><em>βίῳ</em></span> <span class='ocrx_word' id='word_1_90' title='bbox 653 987 981 1046; x_wconf 65' lang='grc' dir='ltr'><em>ἐπιδεδήμηκε,</em></span> <span class='ocrx_word' id='word_1_91' title='bbox 1035 994 1181 1046; x_wconf 85' lang='grc' dir='ltr'><em>Λέγει</em></span> <span class='ocrx_word' id='word_1_92' title='bbox 1223 980 1305 1033; x_wconf 79' lang='grc' dir='ltr'><em>οὖν</em></span> <span class='ocrx_word' id='word_1_93' title='bbox 1342 986 1419 1034; x_wconf 84' lang='grc' dir='ltr'><em>τό·</em></span> <span class='ocrx_word' id='word_1_94' title='bbox 1462 987 1650 1044; x_wconf 79' lang='grc' dir='ltr'><em>,,οὐκ3)</em></span> 
     </span>
    </p>
   </div>
   <div class='ocr_carea' id='block_1_3' title="bbox 213 1067 708 1125">
    <p class='ocr_par' dir='ltr' id='par_1_3' title="bbox 213 1067 708 1125">
     <span class='ocr_line' id='line_1_13' title="bbox 213 1067 708 1125; baseline 0.004 -15"><span class='ocrx_word' id='word_1_95' title='bbox 213 1067 463 1125; x_wconf 71' lang='grc' dir='ltr'><em>ἐπίσταμαι</em></span> <span class='ocrx_word' id='word_1_96' title='bbox 492 1071 662 1113; x_wconf 82' lang='grc' dir='ltr'><em>λαλεῖν·</em></span> <span class='ocrx_word' id='word_1_97' title='bbox 679 1069 708 1091; x_wconf 80' lang='lat'>“</span> 
     </span>
    </p>
   </div>
   <div class='ocr_carea' id='block_1_4' title="bbox 214 1061 1734 1436">
    <p class='ocr_par' dir='ltr' id='par_1_4' title="bbox 214 1061 1734 1436">
     <span class='ocr_line' id='line_1_14' title="bbox 739 1061 1648 1126; baseline -0.004 -14"><span class='ocrx_word' id='word_1_98' title='bbox 739 1063 844 1112; x_wconf 77' lang='grc' dir='ltr'><em>οἶδά</em></span> <span class='ocrx_word' id='word_1_99' title='bbox 876 1085 980 1112; x_wconf 89' lang='grc' dir='ltr'><em>τινα</em></span> <span class='ocrx_word' id='word_1_100' title='bbox 1011 1073 1199 1126; x_wconf 82' lang='grc' dir='ltr'><em>μείζονα</em></span> <span class='ocrx_word' id='word_1_101' title='bbox 1229 1070 1308 1111; x_wconf 85' lang='grc' dir='ltr'><em>τοῦ</em></span> <span class='ocrx_word' id='word_1_102' title='bbox 1340 1069 1508 1122; x_wconf 90' lang='grc' dir='ltr'><em>λαλεῖν,</em></span> <span class='ocrx_word' id='word_1_103' title='bbox 1543 1061 1648 1109; x_wconf 79' lang='grc' dir='ltr'><em>οἶδά</em></span> 
     </span>
     <span class='ocr_line' id='line_1_15' title="bbox 215 1143 1646 1204; baseline -0.002 -16"><span class='ocrx_word' id='word_1_104' title='bbox 215 1160 316 1188; x_wconf 88' lang='grc' dir='ltr'><em>τινα</em></span> <span class='ocrx_word' id='word_1_105' title='bbox 359 1149 547 1203; x_wconf 78' lang='grc' dir='ltr'><em>μείζονα</em></span> <span class='ocrx_word' id='word_1_106' title='bbox 591 1148 672 1190; x_wconf 85' lang='grc' dir='ltr'><em>τοῦ</em></span> <span class='ocrx_word' id='word_1_107' title='bbox 725 1143 946 1204; x_wconf 77' lang='grc' dir='ltr'><em>φθόγγου</em></span> <span class='ocrx_word' id='word_1_108' title='bbox 988 1145 1154 1191; x_wconf 71' lang='grc' dir='ltr'><em>τούτου</em></span> <span class='ocrx_word' id='word_1_109' title='bbox 1204 1148 1281 1190; x_wconf 86' lang='grc' dir='ltr'><em>τοῦ</em></span> <span class='ocrx_word' id='word_1_110' title='bbox 1330 1146 1646 1203; x_wconf 76' lang='grc' dir='ltr'><em>ἀνθρωπίνου.</em></span> 
     </span>
     <span class='ocr_line' id='line_1_16' title="bbox 219 1219 1734 1279; baseline -0.001 -14"><span class='ocrx_word' id='word_1_111' title='bbox 219 1224 369 1272; x_wconf 78' lang='grc' dir='ltr'><em>Θέλεις</em></span> <span class='ocrx_word' id='word_1_112' title='bbox 396 1239 455 1279; x_wconf 88' lang='grc' dir='ltr'><em>με</em></span> <span class='ocrx_word' id='word_1_113' title='bbox 484 1226 639 1268; x_wconf 85' lang='grc' dir='ltr'><em>λαλεῖν</em></span> <span class='ocrx_word' id='word_1_114' title='bbox 671 1221 960 1278; x_wconf 81' lang='grc' dir='ltr'><em>ἀνθρώποις;</em></span> <span class='ocrx_word' id='word_1_115' title='bbox 1018 1219 1158 1269; x_wconf 70' lang='grc' dir='ltr'><em>Οὔπω</em></span> <span class='ocrx_word' id='word_1_116' title='bbox 1191 1221 1433 1267; x_wconf 79' lang='grc' dir='ltr'><em>διάλεκτον</em></span> <span class='ocrx_word' id='word_1_117' title='bbox 1460 1220 1652 1278; x_wconf 79' lang='grc' dir='ltr'><em>ἀνθρω-</em></span> <span class='ocrx_word' id='word_1_118' title='bbox 1728 1245 1734 1272; x_wconf 59' lang='grc' dir='ltr'><strong>ς</strong></span> 
     </span>
     <span class='ocr_line' id='line_1_17' title="bbox 214 1296 1652 1359; baseline -0.001 -17"><span class='ocrx_word' id='word_1_119' title='bbox 214 1304 355 1355; x_wconf 89' lang='grc' dir='ltr'><em>πίνην</em></span> <span class='ocrx_word' id='word_1_120' title='bbox 385 1299 627 1359; x_wconf 77' lang='grc' dir='ltr'><em>ἀνείληφα,</em></span> <span class='ocrx_word' id='word_1_121' title='bbox 664 1301 752 1358; x_wconf 78' lang='grc' dir='ltr'><em>ἔχω</em></span> <span class='ocrx_word' id='word_1_122' title='bbox 785 1299 1026 1346; x_wconf 82' lang='grc' dir='ltr'><em>διάλεκτόν</em></span> <span class='ocrx_word' id='word_1_123' title='bbox 1057 1317 1141 1346; x_wconf 90' lang='grc' dir='ltr'><em>σου</em></span> <span class='ocrx_word' id='word_1_124' title='bbox 1175 1304 1255 1346; x_wconf 80' lang='grc' dir='ltr'><em>τοῦ</em></span> <span class='ocrx_word' id='word_1_125' title='bbox 1275 1300 1319 1357; x_wconf 74' lang='lat'><em>⁴)</em></span> <span class='ocrx_word' id='word_1_126' title='bbox 1350 1302 1480 1354; x_wconf 86' lang='grc' dir='ltr'><em>θεοῦ,</em></span> <span class='ocrx_word' id='word_1_127' title='bbox 1514 1296 1652 1355; x_wconf 84' lang='grc' dir='ltr'><em>λόγος</em></span> 
     </span>
     <span class='ocr_line' id='line_1_18' title="bbox 218 1373 1652 1436; baseline -0.001 -15"><span class='ocrx_word' id='word_1_128' title='bbox 218 1380 318 1434; x_wconf 83' lang='grc' dir='ltr'><em>εἰμί</em></span> <span class='ocrx_word' id='word_1_129' title='bbox 346 1393 429 1422; x_wconf 88' lang='grc' dir='ltr'><em>σου</em></span> <span class='ocrx_word' id='word_1_130' title='bbox 459 1381 538 1422; x_wconf 85' lang='grc' dir='ltr'><em>τοῦ</em></span> <span class='ocrx_word' id='word_1_131' title='bbox 570 1381 706 1434; x_wconf 88' lang='grc' dir='ltr'><em>θεοῦ,</em></span> <span class='ocrx_word' id='word_1_132' title='bbox 747 1381 822 1422; x_wconf 87' lang='grc' dir='ltr'><em>σοὶ</em></span> <span class='ocrx_word' id='word_1_133' title='bbox 853 1373 959 1422; x_wconf 81' lang='grc' dir='ltr'><em>οἶδα</em></span> <span class='ocrx_word' id='word_1_134' title='bbox 988 1380 1431 1436; x_wconf 80' lang='grc' dir='ltr'><em>προσδιαλέγεσθαι,</em></span> <span class='ocrx_word' id='word_1_135' title='bbox 1465 1373 1652 1436; x_wconf 78' lang='grc' dir='ltr'><em>ἀνθρώ-</em></span> 
     </span>
    </p>
   </div>
   <div class='ocr_carea' id='block_1_5' title="bbox 216 1452 1479 1515">
    <p class='ocr_par' dir='ltr' id='par_1_5' title="bbox 216 1452 1479 1515">
     <span class='ocr_line' id='line_1_19' title="bbox 216 1452 1479 1515; baseline 0.001 -18"><span class='ocrx_word' id='word_1_136' title='bbox 216 1470 321 1503; x_wconf 89' lang='grc' dir='ltr'><em>ποις</em></span> <span class='ocrx_word' id='word_1_137' title='bbox 349 1454 477 1510; x_wconf 80' lang='grc' dir='ltr'><em>,,οὐκ</em></span> <span class='ocrx_word' id='word_1_138' title='bbox 507 1456 757 1513; x_wconf 81' lang='grc' dir='ltr'><em>ἐπίσταμαι</em></span> <span class='ocrx_word' id='word_1_139' title='bbox 785 1459 961 1511; x_wconf 87' lang='grc' dir='ltr'><em>λαλεῖν,</em></span> <span class='ocrx_word' id='word_1_140' title='bbox 997 1453 1064 1500; x_wconf 84' lang='grc' dir='ltr'><em>ὅτι</em></span> <span class='ocrx_word' id='word_1_141' title='bbox 1095 1452 1310 1515; x_wconf 87' lang='grc' dir='ltr'><em>νεώτερός</em></span> <span class='ocrx_word' id='word_1_142' title='bbox 1340 1457 1479 1513; x_wconf 81' lang='grc' dir='ltr'><em>εἰμι.“</em></span> 
     </span>
    </p>
   </div>
   <div class='ocr_carea' id='block_1_6' title="bbox 216 1551 1657 2273">
    <p class='ocr_par' dir='ltr' id='par_1_6' title="bbox 216 1551 1657 2273">
     <span class='ocr_line' id='line_1_20' title="bbox 331 1551 1651 1613; baseline -0.001 -17"><span class='ocrx_word' id='word_1_143' title='bbox 331 1552 372 1596; x_wconf 85' lang='grc'><em>9.</em></span> <span class='ocrx_word' id='word_1_144' title='bbox 404 1557 531 1609; x_wconf 85' lang='grc' dir='ltr'><em>,,Καὶ</em></span> <span class='ocrx_word' id='word_1_145' title='bbox 547 1555 589 1611; x_wconf 89' lang='lat'><em>⁵)</em></span> <span class='ocrx_word' id='word_1_146' title='bbox 620 1556 743 1612; x_wconf 85' lang='grc' dir='ltr'><em>λέγει</em></span> <span class='ocrx_word' id='word_1_147' title='bbox 773 1552 942 1613; x_wconf 81' lang='grc' dir='ltr'><em>κύριος·</em></span> <span class='ocrx_word' id='word_1_148' title='bbox 974 1552 1037 1612; x_wconf 88' lang='grc' dir='ltr'><em>μὴ</em></span> <span class='ocrx_word' id='word_1_149' title='bbox 1063 1557 1184 1612; x_wconf 83' lang='grc' dir='ltr'><em>λέγε,</em></span> <span class='ocrx_word' id='word_1_150' title='bbox 1212 1551 1280 1598; x_wconf 85' lang='grc' dir='ltr'><em>ὅτι</em></span> <span class='ocrx_word' id='word_1_151' title='bbox 1302 1551 1517 1612; x_wconf 82' lang='grc' dir='ltr'><em>νεώτερός</em></span> <span class='ocrx_word' id='word_1_152' title='bbox 1542 1557 1651 1611; x_wconf 80' lang='grc' dir='ltr'><em>εἰμι,</em></span> 
     </span>
     <span class='ocr_line' id='line_1_21' title="bbox 223 1628 1657 1691; baseline -0.001 -17"><span class='ocrx_word' id='word_1_153' title='bbox 223 1628 290 1674; x_wconf 82' lang='grc' dir='ltr'><em>ὅτι</em></span> <span class='ocrx_word' id='word_1_154' title='bbox 320 1630 435 1690; x_wconf 81' lang='grc' dir='ltr'><em>πρὸς</em></span> <span class='ocrx_word' id='word_1_155' title='bbox 464 1629 662 1687; x_wconf 77' lang='grc' dir='ltr'><em>πάντας,</em></span> <span class='ocrx_word' id='word_1_156' title='bbox 709 1628 787 1681; x_wconf 78' lang='grc' dir='ltr'><em>οὓς</em></span> <span class='ocrx_word' id='word_1_157' title='bbox 826 1630 910 1676; x_wconf 73' lang='grc' dir='ltr'><em>ἐὰν</em></span> <span class='ocrx_word' id='word_1_158' title='bbox 946 1633 1248 1682; x_wconf 76' lang='grc' dir='ltr'><em>ἒξαποστείλω</em></span> <span class='ocrx_word' id='word_1_159' title='bbox 1286 1646 1362 1688; x_wconf 89' lang='grc' dir='ltr'><em>σε,</em></span> <span class='ocrx_word' id='word_1_160' title='bbox 1403 1630 1657 1691; x_wconf 79' lang='grc' dir='ltr'><em>πορεύσῃ.“</em></span> 
     </span>
     <span class='ocr_line' id='line_1_22' title="bbox 224 1705 1649 1769; baseline 0.001 -18"><span class='ocrx_word' id='word_1_161' title='bbox 224 1705 377 1758; x_wconf 74' lang='grc' dir='ltr'><em>Οὕτως</em></span> <span class='ocrx_word' id='word_1_162' title='bbox 407 1710 593 1753; x_wconf 74' lang='grc' dir='ltr'><em>ἐκτείνει</em></span> <span class='ocrx_word' id='word_1_163' title='bbox 622 1707 705 1763; x_wconf 89' lang='grc' dir='ltr'><em>τὴν</em></span> <span class='ocrx_word' id='word_1_164' title='bbox 729 1714 878 1766; x_wconf 85' lang='grc' dir='ltr'><em>χεῖρα,</em></span> <span class='ocrx_word' id='word_1_165' title='bbox 909 1708 1102 1755; x_wconf 79' lang='grc' dir='ltr'><em>ἅπτεται</em></span> <span class='ocrx_word' id='word_1_166' title='bbox 1131 1712 1210 1754; x_wconf 87' lang='grc' dir='ltr'><em>τοῦ</em></span> <span class='ocrx_word' id='word_1_167' title='bbox 1235 1708 1461 1769; x_wconf 87' lang='grc' dir='ltr'><em>στόματος</em></span> <span class='ocrx_word' id='word_1_168' title='bbox 1491 1709 1649 1764; x_wconf 83' lang='grc' dir='ltr'><em>αὐτοῦ,</em></span> 
     </span>
     <span class='ocr_line' id='line_1_23' title="bbox 221 1784 1646 1845; baseline 0.001 -16"><span class='ocrx_word' id='word_1_169' title='bbox 221 1785 416 1829; x_wconf 84' lang='grc' dir='ltr'><em>δίδωσιν</em></span> <span class='ocrx_word' id='word_1_170' title='bbox 455 1784 579 1842; x_wconf 81' lang='grc' dir='ltr'><em>αὐτῷ</em></span> <span class='ocrx_word' id='word_1_171' title='bbox 618 1784 806 1842; x_wconf 88' lang='grc' dir='ltr'><em>λόγους,</em></span> <span class='ocrx_word' id='word_1_172' title='bbox 849 1790 926 1830; x_wconf 87' lang='grc' dir='ltr'><em>καὶ</em></span> <span class='ocrx_word' id='word_1_173' title='bbox 967 1788 1160 1832; x_wconf 88' lang='grc' dir='ltr'><em>δίδωσιν</em></span> <span class='ocrx_word' id='word_1_174' title='bbox 1201 1787 1324 1845; x_wconf 81' lang='grc' dir='ltr'><em>αὐτῷ</em></span> <span class='ocrx_word' id='word_1_175' title='bbox 1363 1785 1528 1844; x_wconf 90' lang='grc' dir='ltr'><em>λόγους</em></span> <span class='ocrx_word' id='word_1_176' title='bbox 1567 1785 1646 1831; x_wconf 79' lang='grc' dir='ltr'><em>διὰ</em></span> 
     </span>
     <span class='ocr_line' id='line_1_24' title="bbox 219 1861 1652 1924; baseline 0.001 -18"><span class='ocrx_word' id='word_1_177' title='bbox 219 1861 299 1912; x_wconf 81' lang='grc' dir='ltr'><em>τὰς</em></span> <span class='ocrx_word' id='word_1_178' title='bbox 327 1865 578 1919; x_wconf 86' lang='grc' dir='ltr'><em>βασιλείας,</em></span> <span class='ocrx_word' id='word_1_179' title='bbox 620 1862 675 1907; x_wconf 77' lang='grc' dir='ltr'><em>ἵν’</em></span> <span class='ocrx_word' id='word_1_180' title='bbox 711 1862 938 1924; x_wconf 76' lang='grc' dir='ltr'><em>ἐκριζώσῃ.</em></span> <span class='ocrx_word' id='word_1_181' title='bbox 1003 1864 1067 1908; x_wconf 83' lang='grc' dir='ltr'><em>Οὐ</em></span> <span class='ocrx_word' id='word_1_182' title='bbox 1092 1870 1258 1921; x_wconf 78' lang='grc' dir='ltr'><em>χρείαν</em></span> <span class='ocrx_word' id='word_1_183' title='bbox 1296 1865 1348 1908; x_wconf 81' lang='grc' dir='ltr'><em>δὲ</em></span> <span class='ocrx_word' id='word_1_184' title='bbox 1378 1861 1499 1922; x_wconf 79' lang='grc' dir='ltr'><em>εἶχεν</em></span> <span class='ocrx_word' id='word_1_185' title='bbox 1528 1863 1652 1921; x_wconf 73' lang='grc' dir='ltr'><em>ἔκρι-</em></span> 
     </span>
     <span class='ocr_line' id='line_1_25' title="bbox 224 1931 1654 2000; baseline 0.001 -17"><span class='ocrx_word' id='word_1_186' title='bbox 224 1938 423 1991; x_wconf 85' lang='grc' dir='ltr'><em>ζούντων</em></span> <span class='ocrx_word' id='word_1_187' title='bbox 452 1931 622 1998; x_wconf 85' lang='grc' dir='ltr'><em>λόγων,</em></span> <span class='ocrx_word' id='word_1_188' title='bbox 657 1938 729 1985; x_wconf 82' lang='grc' dir='ltr'><em>ὅτε</em></span> <span class='ocrx_word' id='word_1_189' title='bbox 758 1933 816 1995; x_wconf 77' lang='grc' dir='ltr'><em>ἧν</em></span> <span class='ocrx_word' id='word_1_190' title='bbox 847 1941 897 1984; x_wconf 75' lang='grc' dir='ltr'><em>ἓν</em></span> <span class='ocrx_word' id='word_1_191' title='bbox 925 1944 1081 1997; x_wconf 85' lang='grc' dir='ltr'><em>πατρὶ,</em></span> <span class='ocrx_word' id='word_1_192' title='bbox 1117 1941 1169 1985; x_wconf 85' lang='grc' dir='ltr'><em>οὐ</em></span> <span class='ocrx_word' id='word_1_193' title='bbox 1197 1947 1360 2000; x_wconf 79' lang='grc' dir='ltr'><em>χρείαν</em></span> <span class='ocrx_word' id='word_1_194' title='bbox 1390 1939 1480 1998; x_wconf 81' lang='grc' dir='ltr'><em>εἶχε</em></span> <span class='ocrx_word' id='word_1_195' title='bbox 1512 1958 1654 1985; x_wconf 80' lang='grc' dir='ltr'><em>κατα-</em></span> 
     </span>
     <span class='ocr_line' id='line_1_26' title="bbox 222 2015 1655 2078; baseline 0.001 -18"><span class='ocrx_word' id='word_1_196' title='bbox 222 2015 523 2062; x_wconf 82' lang='grc' dir='ltr'><em>σκαπτόντων</em></span> <span class='ocrx_word' id='word_1_197' title='bbox 539 2015 705 2075; x_wconf 87' lang='grc' dir='ltr'><em>λόγων,</em></span> <span class='ocrx_word' id='word_1_198' title='bbox 737 2021 814 2060; x_wconf 81' lang='grc' dir='ltr'><em>καὶ</em></span> <span class='ocrx_word' id='word_1_199' title='bbox 841 2017 1188 2075; x_wconf 81' lang='grc' dir='ltr'><em>καθαιρούντων</em></span> <span class='ocrx_word' id='word_1_200' title='bbox 1211 2017 1264 2062; x_wconf 73' lang='grc' dir='ltr'><em>τὰ</em></span> <span class='ocrx_word' id='word_1_201' title='bbox 1278 2023 1484 2078; x_wconf 82' lang='grc' dir='ltr'><em>χείρονα·</em></span> <span class='ocrx_word' id='word_1_202' title='bbox 1517 2018 1655 2062; x_wconf 78' lang='grc' dir='ltr'><em>οὐδὲν</em></span> 
     </span>
     <span class='ocr_line' id='line_1_27' title="bbox 216 2088 1650 2154; baseline 0.001 -16"><span class='ocrx_word' id='word_1_203' title='bbox 216 2094 308 2154; x_wconf 82' lang='grc' dir='ltr'><em>γὰρ</em></span> <span class='ocrx_word' id='word_1_204' title='bbox 339 2088 396 2151; x_wconf 75' lang='grc' dir='ltr'><em>ἦν</em></span> <span class='ocrx_word' id='word_1_205' title='bbox 426 2092 555 2145; x_wconf 75' lang='grc' dir='ltr'><em>ι’ἱξιον</em></span> <span class='ocrx_word' id='word_1_206' title='bbox 584 2098 881 2152; x_wconf 75' lang='grc' dir='ltr'><em>κατασκαφῆς</em></span> <span class='ocrx_word' id='word_1_207' title='bbox 911 2096 1017 2151; x_wconf 75' lang='grc' dir='ltr'><em>ἐκεῖ,</em></span> <span class='ocrx_word' id='word_1_208' title='bbox 1050 2095 1185 2141; x_wconf 78' lang='grc' dir='ltr'><em>οὐδὲν</em></span> <span class='ocrx_word' id='word_1_209' title='bbox 1214 2090 1272 2151; x_wconf 79' lang='grc' dir='ltr'><em>ἧν</em></span> <span class='ocrx_word' id='word_1_210' title='bbox 1302 2093 1433 2145; x_wconf 77' lang='grc' dir='ltr'><em>ι’ἱξιον</em></span> <span class='ocrx_word' id='word_1_211' title='bbox 1464 2093 1650 2152; x_wconf 70' lang='grc' dir='ltr'><em>ἐκριζώ-</em></span> 
     </span>
     <span class='ocr_line' id='line_1_28' title="bbox 218 2167 1656 2231; baseline -0.001 -15"><span class='ocrx_word' id='word_1_212' title='bbox 218 2188 345 2223; x_wconf 87' lang='grc' dir='ltr'><em>σεως.</em></span> <span class='ocrx_word' id='word_1_213' title='bbox 406 2177 547 2231; x_wconf 83' lang='grc' dir='ltr'><em>Μέγα</em></span> <span class='ocrx_word' id='word_1_214' title='bbox 581 2167 665 2218; x_wconf 72' lang='grc' dir='ltr'><em>οὖν</em></span> <span class='ocrx_word' id='word_1_215' title='bbox 695 2175 832 2229; x_wconf 75' lang='grc' dir='ltr'><em>ἐστιν,</em></span> <span class='ocrx_word' id='word_1_216' title='bbox 866 2172 925 2222; x_wconf 84' lang='grc' dir='ltr'><em>ὠς</em></span> <span class='ocrx_word' id='word_1_217' title='bbox 954 2171 1031 2217; x_wconf 87' lang='grc' dir='ltr'><em>τό·</em></span> <span class='ocrx_word' id='word_1_218' title='bbox 1062 2173 1181 2229; x_wconf 82' lang='grc' dir='ltr'><em>,,οὐκ</em></span> <span class='ocrx_word' id='word_1_219' title='bbox 1201 2175 1242 2231; x_wconf 82' lang='lat' dir='ltr'><em>f’)</em></span> <span class='ocrx_word' id='word_1_220' title='bbox 1276 2170 1380 2218; x_wconf 82' lang='grc' dir='ltr'><em>οἶδα</em></span> <span class='ocrx_word' id='word_1_221' title='bbox 1413 2171 1552 2228; x_wconf 76' lang='grc' dir='ltr'><em>ὑμᾶς,</em></span> <span class='ocrx_word' id='word_1_222' title='bbox 1587 2170 1656 2216; x_wconf 85' lang='grc' dir='ltr'><em>ὅτι</em></span> 
     </span>
     <span class='ocr_line' id='line_1_29' title="bbox 805 2251 835 2273; baseline 0.033 -1"><span class='ocrx_word' id='word_1_223' title='bbox 805 2251 835 2273; x_wconf 74' lang='grc' dir='ltr'><em>(ί</em></span> 
     </span>
    </p>
   </div>
   <div class='ocr_carea' id='block_1_7' title="bbox 219 2247 1651 2309">
    <p class='ocr_par' dir='ltr' id='par_1_7' title="bbox 219 2247 1651 2309">
     <span class='ocr_line' id='line_1_30' title="bbox 219 2247 1651 2309; baseline -0.001 -14"><span class='ocrx_word' id='word_1_224' title='bbox 219 2249 405 2309; x_wconf 73' lang='grc' dir='ltr'><em>ἐργάται</em></span> <span class='ocrx_word' id='word_1_225' title='bbox 439 2253 538 2296; x_wconf 72' lang='grc' dir='ltr'><em>ἐστε</em></span> <span class='ocrx_word' id='word_1_226' title='bbox 570 2250 790 2307; x_wconf 80' lang='grc' dir='ltr'><em>ἀνομίας·</em></span> <span class='ocrx_word' id='word_1_227' title='bbox 875 2247 1019 2300; x_wconf 79' lang='grc' dir='ltr'><em>οὕτως</em></span> <span class='ocrx_word' id='word_1_228' title='bbox 1055 2248 1146 2294; x_wconf 81' lang='grc' dir='ltr'><em>ὑπὸ</em></span> <span class='ocrx_word' id='word_1_229' title='bbox 1179 2254 1257 2295; x_wconf 86' lang='grc' dir='ltr'><em>τοῦ</em></span> <span class='ocrx_word' id='word_1_230' title='bbox 1289 2254 1487 2307; x_wconf 84' lang='grc' dir='ltr'><em>σωτῆρος</em></span> <span class='ocrx_word' id='word_1_231' title='bbox 1516 2247 1651 2306; x_wconf 88' lang='grc' dir='ltr'><em>λεγό-</em></span> 
     </span>
    </p>
   </div>
   <div class='ocr_carea' id='block_1_8' title="bbox 219 2326 1648 2386">
    <p class='ocr_par' dir='ltr' id='par_1_8' title="bbox 219 2326 1648 2386">
     <span class='ocr_line' id='line_1_31' title="bbox 219 2326 1648 2386; baseline -0.002 -12"><span class='ocrx_word' id='word_1_232' title='bbox 219 2345 386 2385; x_wconf 87' lang='grc' dir='ltr'><em>μενον,</em></span> <span class='ocrx_word' id='word_1_233' title='bbox 434 2328 511 2373; x_wconf 80' lang='grc' dir='ltr'><em>διὰ</em></span> <span class='ocrx_word' id='word_1_234' title='bbox 549 2326 598 2372; x_wconf 88' lang='grc' dir='ltr'><em>τὸ</em></span> <span class='ocrx_word' id='word_1_235' title='bbox 642 2326 931 2385; x_wconf 80' lang='grc' dir='ltr'><em>ὑπερβάλλον</em></span> <span class='ocrx_word' id='word_1_236' title='bbox 968 2332 1167 2386; x_wconf 81' lang='grc' dir='ltr'><em>μέγεθος</em></span> <span class='ocrx_word' id='word_1_237' title='bbox 1203 2333 1279 2384; x_wconf 85' lang='grc' dir='ltr'><em>τῆς</em></span> <span class='ocrx_word' id='word_1_238' title='bbox 1309 2327 1440 2383; x_wconf 78' lang='grc' dir='ltr'><em>δόξης</em></span> <span class='ocrx_word' id='word_1_239' title='bbox 1481 2327 1648 2372; x_wconf 85' lang='grc' dir='ltr'><em>αὐτοῦ·</em></span> 
     </span>
    </p>
   </div>
   <div class='ocr_carea' id='block_1_9' title="bbox 333 2524 1707 2723">
    <p class='ocr_par' dir='ltr' id='par_1_9' title="bbox 333 2524 1707 2723">
     <span class='ocr_line' id='line_1_32' title="bbox 338 2524 1365 2581; baseline -0.001 -15"><span class='ocrx_word' id='word_1_240' title='bbox 338 2526 378 2581; x_wconf 89' lang='lat'><em>¹)</em></span> <span class='ocrx_word' id='word_1_241' title='bbox 409 2526 564 2566; x_wconf 85' lang='lat' dir='ltr'><strong>Jerem.</strong></span> <span class='ocrx_word' id='word_1_242' title='bbox 598 2526 639 2575; x_wconf 88' lang='lat' dir='ltr'><em>I,</em></span> <span class='ocrx_word' id='word_1_243' title='bbox 671 2526 710 2568; x_wconf 85' lang='grc'><em>6.</em></span> <span class='ocrx_word' id='word_1_244' title='bbox 832 2526 875 2581; x_wconf 82' lang='lat'><em>2)</em></span> <span class='ocrx_word' id='word_1_245' title='bbox 908 2525 993 2566; x_wconf 85' lang='lat' dir='ltr'><strong>Cfr.</strong></span> <span class='ocrx_word' id='word_1_246' title='bbox 1031 2524 1194 2566; x_wconf 89' lang='lat' dir='ltr'>Coloss.</span> <span class='ocrx_word' id='word_1_247' title='bbox 1227 2527 1269 2575; x_wconf 81' lang='grc' dir='ltr'><em>Ι,</em></span> <span class='ocrx_word' id='word_1_248' title='bbox 1303 2526 1365 2568; x_wconf 84' lang='grc'><em>15.</em></span> 
     </span>
     <span class='ocr_line' id='line_1_33' title="bbox 334 2595 719 2652; baseline -0.005 -14"><span class='ocrx_word' id='word_1_249' title='bbox 334 2597 377 2652; x_wconf 89' lang='grc'><em>3)</em></span> <span class='ocrx_word' id='word_1_250' title='bbox 406 2597 562 2638; x_wconf 83' lang='lat' dir='ltr'><strong>Jerem.</strong></span> <span class='ocrx_word' id='word_1_251' title='bbox 597 2597 639 2646; x_wconf 85' lang='grc' dir='ltr'><em>Ι,</em></span> <span class='ocrx_word' id='word_1_252' title='bbox 676 2595 719 2637; x_wconf 87' lang='grc'><em>6.</em></span> 
     </span>
     <span class='ocr_line' id='line_1_34' title="bbox 333 2653 1707 2723; baseline -0.002 -17"><span class='ocrx_word' id='word_1_253' title='bbox 333 2665 376 2722; x_wconf 74' lang='lat'><em>4)</em></span> <span class='ocrx_word' id='word_1_254' title='bbox 407 2666 533 2706; x_wconf 82' lang='lat' dir='ltr'><strong>Huet.</strong></span> <span class='ocrx_word' id='word_1_255' title='bbox 566 2682 653 2706; x_wconf 85' lang='lat' dir='ltr'><em>non</em></span> <span class='ocrx_word' id='word_1_256' title='bbox 683 2667 839 2721; x_wconf 79' lang='lat' dir='ltr'>absque</span> <span class='ocrx_word' id='word_1_257' title='bbox 869 2664 960 2723; x_wconf 79' lang='lat' dir='ltr'><strong>jure</strong></span> <span class='ocrx_word' id='word_1_258' title='bbox 991 2666 1035 2705; x_wconf 87' lang='lat' dir='ltr'><em>in</em></span> <span class='ocrx_word' id='word_1_259' title='bbox 1065 2665 1197 2706; x_wconf 81' lang='lat' dir='ltr'>notis:</span> <span class='ocrx_word' id='word_1_260' title='bbox 1247 2665 1554 2716; x_wconf 82' lang='lat' dir='ltr'>„Eradendum</span> <span class='ocrx_word' id='word_1_261' title='bbox 1584 2664 1644 2704; x_wconf 78' lang='lat' dir='ltr'><em>vi·</em></span> <span class='ocrx_word' id='word_1_262' title='bbox 1706 2653 1707 2686; x_wconf 52' lang='lat'>3</span> 
     </span>
    </p>
   </div>
   <div class='ocr_carea' id='block_1_10' title="bbox 216 2721 1642 2836">
    <p class='ocr_par' dir='ltr' id='par_1_10' title="bbox 216 2721 1642 2836">
     <span class='ocr_line' id='line_1_35' title="bbox 219 2721 1642 2781; baseline -0.001 -19"><span class='ocrx_word' id='word_1_263' title='bbox 219 2722 342 2762; x_wconf 81' lang='lat' dir='ltr'>detur</span> <span class='ocrx_word' id='word_1_264' title='bbox 381 2723 463 2763; x_wconf 85' lang='lat' dir='ltr'><em>hoc</em></span> <span class='ocrx_word' id='word_1_265' title='bbox 501 2735 543 2764; x_wconf 85' lang='lat' dir='ltr'><em>et</em></span> <span class='ocrx_word' id='word_1_266' title='bbox 582 2723 699 2781; x_wconf 84' lang='lat' dir='ltr'>quod</span> <span class='ocrx_word' id='word_1_267' title='bbox 739 2722 879 2763; x_wconf 78' lang='lat' dir='ltr'>statim</span> <span class='ocrx_word' id='word_1_268' title='bbox 921 2721 1131 2777; x_wconf 82' lang='lat' dir='ltr'>sequitur:</span> <span class='ocrx_word' id='word_1_269' title='bbox 1192 2725 1271 2765; x_wconf 79' lang='grc' dir='ltr'><em>τοῦ</em></span> <span class='ocrx_word' id='word_1_270' title='bbox 1312 2725 1449 2776; x_wconf 74' lang='grc' dir='ltr'><em>θεοῦ,</em></span> <span class='ocrx_word' id='word_1_271' title='bbox 1492 2732 1642 2777; x_wconf 82' lang='lat' dir='ltr'><strong>utpote</strong></span> 
     </span>
     <span class='ocr_line' id='line_1_36' title="bbox 216 2778 1435 2836; baseline -0.001 -16"><span class='ocrx_word' id='word_1_272' title='bbox 216 2779 506 2834; x_wconf 82' lang='lat' dir='ltr'><strong>peregrinum,</strong></span> <span class='ocrx_word' id='word_1_273' title='bbox 538 2780 737 2836; x_wconf 84' lang='lat' dir='ltr'>quodque</span> <span class='ocrx_word' id='word_1_274' title='bbox 767 2779 1053 2836; x_wconf 85' lang='lat' dir='ltr'><strong>Hieronymus</strong></span> <span class='ocrx_word' id='word_1_275' title='bbox 1083 2795 1171 2819; x_wconf 86' lang='lat' dir='ltr'><em>non</em></span> <span class='ocrx_word' id='word_1_276' title='bbox 1199 2778 1435 2832; x_wconf 82' lang='lat' dir='ltr'>agnoscit.“</span> 
     </span>
    </p>
   </div>
   <div class='ocr_carea' id='block_1_11' title="bbox 334 2848 1497 2905">
    <p class='ocr_par' dir='ltr' id='par_1_11' title="bbox 334 2848 1497 2905">
     <span class='ocr_line' id='line_1_37' title="bbox 334 2848 1497 2905; baseline -0.001 -15"><span class='ocrx_word' id='word_1_277' title='bbox 334 2851 374 2905; x_wconf 82' lang='lat'><em>⁵)</em></span> <span class='ocrx_word' id='word_1_278' title='bbox 408 2850 493 2891; x_wconf 80' lang='lat' dir='ltr'><strong>Cfr.</strong></span> <span class='ocrx_word' id='word_1_279' title='bbox 524 2850 678 2892; x_wconf 76' lang='lat' dir='ltr'><strong>Jerem.</strong></span> <span class='ocrx_word' id='word_1_280' title='bbox 710 2851 750 2899; x_wconf 88' lang='grc' dir='ltr'><em>Ι,</em></span> <span class='ocrx_word' id='word_1_281' title='bbox 785 2850 819 2891; x_wconf 80' lang='grc'><em>7.</em></span> <span class='ocrx_word' id='word_1_282' title='bbox 944 2849 984 2902; x_wconf 75' lang='grc'><em>6)</em></span> <span class='ocrx_word' id='word_1_283' title='bbox 1020 2848 1106 2890; x_wconf 83' lang='lat' dir='ltr'><strong>Cfr.</strong></span> <span class='ocrx_word' id='word_1_284' title='bbox 1138 2850 1237 2893; x_wconf 85' lang='lat' dir='ltr'>Luc.</span> <span class='ocrx_word' id='word_1_285' title='bbox 1269 2850 1402 2900; x_wconf 88' lang='lat' dir='ltr'><strong>XIII,</strong></span> <span class='ocrx_word' id='word_1_286' title='bbox 1431 2848 1497 2893; x_wconf 80' lang='lat'><em>27.</em></span> 
     </span>
    </p>
   </div>
   <div class='ocr_carea' id='block_1_12' title="bbox 1690 1283 1734 3112">
    <p class='ocr_par' dir='ltr' id='par_1_12' title="bbox 1690 1283 1734 3112">
     <span class='ocr_line' id='line_1_38' title="bbox 1690 1283 1734 3112; baseline 0 0"><span class='ocrx_word' id='word_1_287' title='bbox 1690 1283 1734 3112; x_wconf 95' lang='lat' dir='ltr'><em> </em></span> 
     </span>
    </p>
   </div>
  </div>
 </body>
</html>
