1734 3112
241 90 296 134 60
541 87 760 131 Omemus
789 99 836 130 m
867 85 1049 130 Cauno.
1083 85 1388 130 Cam-monum

240 203 448 261 parietem
479 203 651 253 domus,
692 212 773 243 stet
802 199 1024 258 paululum
1055 211 1154 257 post
1183 199 1322 257 ipsum
1341 232 1351 251 ,
1392 200 1672 255 considerans,

241 293 289 323 ut
318 280 410 322 fieri
441 281 574 330 solet,
615 278 802 336 aliquid,
844 289 885 319 et
916 277 1057 318 animo
1088 288 1314 320 retractans
1335 278 1388 335 ¹).
1446 279 1541 320 Jam
1571 296 1672 322 vcro

242 358 367 401 etiam
397 357 487 412 ipse
516 357 696 400 sentiens
727 355 887 412 aliquid
917 354 1072 396 amoris
1104 371 1199 409 erga
1252 372 1472 413 sponsam,
1515 359 1673 413 usus2)

240 435 462 479 altitudine
505 452 601 486 sua,
647 450 752 491 quae
790 432 955 486 attingit
993 449 1125 489 usque
1164 433 1217 474 ad
1257 434 1408 476 domus
1460 435 1673 486 fenestras,

241 531 346 572 quae
376 515 582 556 fenestrae
614 513 793 553 habeant
822 510 1005 567 aliquam
1037 522 1201 567 partem
1246 511 1409 568 operis,
1449 522 1496 551 ut
1540 510 1669 562 aiunt,

239 590 462 634 reticulati.
523 590 578 631 Et
606 602 706 631 tunc
736 588 953 630 incumbat
984 588 1157 646 quidem
1187 605 1265 646 per
1303 590 1526 639 fenestras,
1570 588 1672 629 emi-

240 668 408 711 nentior
448 679 587 709 autem
626 667 684 709 sic
727 666 780 707 sit
809 665 1024 716 fenestris,
1070 666 1327 723 attingatque
1358 682 1490 723 usque
1521 666 1574 708 ad
1605 683 1672 707 su-

239 746 408 804 periora
440 762 603 796 earum,
637 760 741 801 quae
772 742 1020 794 reticulato,
1050 754 1099 785 ut
1130 743 1334 795 diximus,
1365 760 1495 801 opere
1526 744 1671 786 distin·
1724 769 1734 774 -

241 836 331 865 ctae
360 835 478 874 sunt,
524 823 707 879 indeque
746 820 1035 879 prospiciens,
1081 821 1323 879 alloquatur
1358 838 1579 879 sponsam,
1628 834 1669 863 et

241 901 353 944 dicat
383 901 441 943 ei:
489 916 696 954 „exsurge
711 900 777 958 ³),
824 900 920 942 veni
958 899 1152 957 proxima
1190 916 1307 951 mea,
1349 901 1538 942 formosa
1563 916 1670 951 mea,

241 980 439 1021 columba
475 984 631 1030 mea,“
672 990 713 1020 et
759 977 935 1035 reliqua.
996 978 1111 1021 Haec
1144 990 1263 1029 sunt,
1305 994 1432 1035 quae,
1471 989 1519 1021 ut
1548 994 1673 1035 supe·

239 1056 323 1098 rius
357 1055 682 1110 designavimus,
730 1055 1027 1098 difficultatem
1058 1056 1286 1113 plurimam
1318 1055 1525 1110 dirigendi
1558 1056 1671 1097 ordi-

239 1135 325 1186 nis,
372 1146 413 1176 et
452 1134 702 1191 aperiendae
742 1134 1047 1187 intelligentiae
1088 1135 1242 1177 habere
1283 1134 1406 1176 nobis
1445 1134 1532 1176 visa
1561 1145 1671 1177 sunt.

243 1213 386 1268 Quae,
417 1223 465 1254 ut
494 1215 626 1269 puto,
658 1212 919 1255 evidentiora
949 1212 1099 1255 fecerit
1127 1212 1307 1270 repetita
1336 1212 1438 1253 haec
1468 1228 1580 1253 nunc
1610 1211 1673 1253 in-

240 1293 346 1345 dago
378 1306 634 1332 sermonum.
695 1290 936 1346 Spiritualis
966 1302 1107 1333 autem
1150 1290 1194 1332 in
1223 1290 1286 1332 his
1318 1289 1550 1347 expositio,
1585 1305 1672 1331 non

239 1368 297 1410 ita
328 1368 540 1410 laboriosa
570 1385 618 1410 ac
658 1367 844 1409 difficilis
882 1368 1133 1426 bahem-⁴).
1195 1370 1361 1426 Sponsa
1401 1367 1513 1409 enim
1554 1366 1672 1408 verbi

238 1446 394 1498 anima,
427 1447 590 1502 quae5)
621 1445 664 1487 in
696 1446 826 1486 domo
858 1446 1010 1499 regali,
1051 1446 1134 1487 hoc
1167 1458 1249 1497 est,
1289 1446 1333 1487 in
1366 1445 1541 1488 ecclesia
1573 1462 1672 1487 con·

238 1524 367 1575 sistit,
402 1524 636 1579 doceturf’)
669 1541 692 1565 a
716 1525 847 1565 verbo
867 1524 975 1575 Dei,
1009 1523 1080 1580 qui
1112 1536 1173 1566 est
1194 1540 1371 1582 sponsus
1404 1540 1514 1575 suuS,
1547 1541 1671 1581 quae-

241 1619 406 1659 cunque
435 1601 623 1659 reposita
653 1614 749 1643 sunt
781 1613 822 1643 et
850 1602 1070 1644 recondita
1097 1602 1206 1645 intra
1237 1603 1375 1644 aulam
1404 1601 1585 1656 regiam,
1631 1615 1673 1645 et

240 1680 482 1722 cubiculum
520 1679 650 1733 regis:
697 1679 821 1721 discit
858 1679 901 1721 in
945 1681 1020 1722 hac
1063 1681 1216 1732 domo,
1266 1697 1373 1738 quae
1405 1693 1466 1723 est
1497 1681 1672 1723 ecclesia

238 1758 324 1799 Dei
354 1757 461 1809 vivi,
505 1757 630 1799 cellas
663 1756 789 1798 etiam
819 1756 906 1798 vini
940 1757 1077 1808 illius,
1118 1759 1236 1815 quod
1267 1760 1319 1800 de
1348 1758 1500 1800 sanctis
1530 1770 1672 1801 torcu-

239 1835 398 1878 laribus
430 1846 724 1888 congregatum
757 1845 840 1884 est,
874 1835 1000 1877 cellas
1031 1835 1117 1876 vini
1146 1852 1234 1877 non
1263 1836 1405 1878 solum
1434 1837 1563 1889 novi,
1595 1840 1669 1880 sed

242 1925 284 1954 et
314 1912 466 1954 veteris
498 1929 544 1954 ac
575 1909 733 1964 suavis,
774 1928 880 1970 quae
924 1924 985 1954 est
1016 1912 1209 1955 doctrina
1240 1914 1342 1967 legis
1373 1926 1414 1955 et
1443 1916 1671 1972 propheta-

239 2007 354 2032 rum:
379 1990 422 2032 in
440 1990 591 2047 quibus
608 1990 869 2032 sufficienter
893 1990 1115 2033 exercitata
1134 1990 1312 2048 recipiat
1335 1991 1378 2033 in
1399 2008 1442 2033 se
1459 1992 1599 2049 ipsum
1615 1994 1670 2050 ⁷),

240 2068 314 2126 qui
345 2080 432 2110 erat
464 2067 506 2109 in
538 2067 752 2125 principio
784 2069 897 2125 apud
927 2069 1071 2110 Deum
1101 2070 1219 2111 Deus
1250 2071 1450 2122 verbum,
1480 2072 1554 2113 sed
1583 2088 1670 2114 non

240 2161 409 2204 semper
447 2161 590 2187 secum
626 2158 966 2202 permanentem:
1001 2173 1052 2179 -—
1082 2163 1169 2189 non
1212 2147 1324 2189 enim
1363 2148 1568 2205 possibile
1609 2162 1670 2192 est

239 2225 321 2266 hoe
358 2225 565 2266 humanae
604 2235 801 2266 naturae:
834 2251 887 2257 —
918 2225 992 2266 sed
1028 2224 1245 2267 interdum
1275 2226 1448 2283 quidem
1478 2225 1670 2269 visitetur

240 2304 292 2345 ab
324 2319 399 2355 eo,
443 2302 657 2344 interdum
698 2319 799 2344 vero
838 2302 1124 2359 relinquatur,
1169 2316 1215 2345 ut
1247 2304 1430 2360 amplius
1460 2306 1670 2349 desideret

359 2493 400 2551 ¹)
430 2493 538 2534 Edd.
570 2492 631 2534 M.
663 2498 934 2543 „·trn:tans.“

356 2564 400 2620 2)
429 2563 564 2604 Deest
592 2579 726 2614 „usus
739 2568 764 2588 “
794 2563 838 2605 in
869 2564 963 2605 edd.
998 2564 1060 2607 M.

353 2635 397 2691 3)
431 2632 590 2675 Cantic.
623 2634 693 2684 II,
723 2632 789 2678 10.
907 2633 950 2691 ⁴¹)
981 2635 1090 2678 Edd.
1122 2637 1183 2681 M.
1216 2639 1504 2691 „habeatur.“

358 2704 399 2761 ⁵)
429 2704 539 2746 Edd.
569 2703 634 2745 M.
664 2720 807 2761 „quae
838 2705 926 2764 ejus
955 2706 999 2749 in
1031 2708 1161 2750 domo
1174 2714 1200 2734 “
1233 2720 1310 2751 etc.

356 2774 400 2830 ⁶)
431 2774 541 2816 Edd.
572 2774 633 2816 M.
663 2776 965 2834 „doceturque
996 2795 1019 2820 a
1051 2781 1183 2822 verbo
1198 2785 1223 2806 “
1254 2790 1331 2821 etc.

357 2843 400 2900 ⁷)
429 2844 538 2886 Edd.
569 2844 630 2885 M.
662 2843 883 2901 „ipsam.“
