1734 3112
690 106 828 147 ann
859 104 931 146 IV.
1466 108 1521 151 79

105 218 174 260 Sic
197 219 235 274 ¹)
267 217 378 259 enim
407 216 734 273 sapientissimus
765 217 972 274 propheta
1001 215 1142 257 David
1173 216 1360 259 dicebat:
1402 236 1522 270 „sua-

103 296 223 352 vis2)
262 295 313 337 sit
355 294 393 335 ei
432 293 660 350 disputatio
691 301 826 337 mea.“
886 294 1033 336 Suavis
1072 294 1186 349 est‘3)
1228 311 1308 335 vox
1346 297 1522 349 animae,

103 390 201 415 cum
214 373 256 430 ⁴)
287 373 460 412 verbum
490 371 597 424 Dei,
639 372 755 428 quod
787 372 997 429 loquitur,
1040 388 1135 413 cum
1165 372 1249 414 fide
1281 384 1322 414 et
1351 374 1522 428 dogma-

99 451 212 492 tibus
240 448 423 490 veritatis
455 449 647 506 exponit,
689 466 782 490 cum
814 450 1145 506 dispensationes
1174 450 1260 491 Dei
1298 462 1338 491 et
1367 449 1521 508 judicia

102 527 189 586 ejus
218 527 421 583 explanat.
481 527 529 568 Si
559 543 658 567 vero
692 539 763 568 aut
800 527 1138 583 stultiloquium,
1179 540 1251 569 aut
1279 528 1522 581 scurrilitas,

99 617 169 646 aut
198 604 353 646 vanitas
383 605 437 645 de
468 619 541 644 ore
583 602 670 661 ejus
706 606 966 660 procedunt,
1006 617 1075 646 aut
1106 607 1281 647 verbum
1323 607 1521 659 otiosum,

99 683 151 724 de
183 698 266 739 quo
296 682 512 723 reddenda
539 681 593 723 sit
620 681 728 723 ratio
758 682 801 723 in
841 683 908 724 die
948 682 1116 740 judicii,
1159 683 1337 725 insuavis
1376 696 1416 726 et
1458 685 1521 726 ina

98 759 279 819 jucunda
311 776 390 802 vox
420 759 497 801 ista
528 771 601 801 est.
663 760 728 802 Ab
755 761 832 803 hac
862 777 967 803 voce
1000 760 1187 803 Christus
1224 761 1374 803 avertit
1403 762 1520 804 audi-²

96 849 188 879 tum
226 854 360 879 suum.
427 837 482 879 Et
521 837 619 879 ideo
659 854 848 895 quaeque
887 839 1075 894 perfecta
1112 837 1250 880 anima
1293 839 1415 896 ponit
1454 840 1519 882 ori

98 931 173 958 suo
212 915 470 967 custodiam,
509 927 549 957 et
590 915 747 957 ostium
786 915 1118 958 circumstantiae
1159 917 1279 958 labiis
1320 918 1428 969 suis,
1472 929 1517 959 ut

96 994 227 1036 talem
255 1010 422 1050 semper
451 1010 688 1035 sermonem
719 994 930 1051 proferat,
971 994 1044 1051 qui
1073 994 1158 1035 sale
1191 995 1406 1047 conditus,
1447 997 1519 1038 det

97 1071 269 1125 gratiam
299 1071 586 1124 audientibus,
618 1084 659 1113 et
689 1071 800 1113 dicat
830 1073 881 1113 de
914 1088 961 1113 ea
992 1073 1167 1113 verbum
1197 1072 1303 1114 Dei:
1334 1074 1458 1131 „quia
1477 1075 1517 1132 ⁵)

101 1166 181 1191 vox
210 1162 281 1191 tua
311 1150 487 1192 suavis.“
547 1151 633 1193 Sed
663 1161 733 1201 „et
749 1150 789 1205 G)
820 1149 947 1191 facies
976 1161 1068 1200 tua,
1100 1149 1256 1207 inquit,
1286 1151 1518 1207 speciosa.“

98 1228 146 1270 Si
174 1227 383 1282 intelligas
413 1228 532 1270 illam
561 1227 737 1279 faciem,
778 1228 830 1269 de
862 1242 942 1283 qua
971 1227 1128 1269 Paulus
1160 1227 1284 1269 dicit:
1345 1246 1457 1280 „nos
1475 1231 1516 1287 ⁷)

98 1316 236 1347 autem
268 1323 413 1348 omnes
442 1306 626 1347 revelata
659 1304 816 1346 facie:“
849 1305 1030 1356 etitem,
1062 1322 1158 1346 cum
1178 1305 1299 1347 dicit:
1331 1307 1516 1363 „tunc⁵)

97 1394 238 1424 autem
267 1383 373 1425 facie
416 1384 468 1424 ad
507 1384 718 1425 faciem:“
764 1394 862 1423 tunc
902 1383 1086 1433 videbis,
1124 1398 1229 1439 quae
1267 1383 1319 1423 sit
1355 1383 1517 1426 animae

96 1460 239 1511 facies,
270 1476 375 1516 quae
400 1461 596 1502 laudetur
615 1477 638 1501 a
665 1461 793 1501 verbo
812 1459 910 1510 Dei,
942 1471 983 1499 et
1007 1459 1196 1515 speciosa
1228 1477 1313 1502 esse
1344 1462 1518 1504 dicatur.

99 1538 178 1578 Illa
222 1537 309 1578 sine
359 1537 512 1589 dubio,
556 1554 662 1594 quac
701 1537 891 1594 quotidie
935 1548 1162 1578 renovatur
1205 1539 1257 1580 ad
1296 1539 1518 1593 imaginem

99 1614 207 1672 ejus,
247 1615 317 1671 qui
359 1615 511 1657 creavit
552 1630 666 1666 eam,
708 1631 812 1671 quae
853 1631 938 1655 non
980 1616 1104 1656 habet
1142 1615 1185 1656 in
1224 1633 1265 1658 se
1296 1618 1517 1670 maculam,

98 1704 169 1734 aut
206 1708 373 1746 rugam,
415 1703 485 1733 aut
525 1692 686 1749 aliquid
726 1692 988 1749 hujusmodi,
1027 1694 1101 1733 sed
1144 1703 1204 1734 est
1220 1695 1261 1749 9)
1302 1706 1439 1736 sancta
1477 1707 1517 1737 et

96 1769 382 1812 immaculata:
425 1770 592 1827 qualem
632 1782 673 1811 et
712 1769 802 1825 ipse
833 1769 911 1810 sibi
944 1770 1131 1812 exhibuit
1162 1770 1349 1813 Christus
1381 1774 1517 1815 eccle«³

97 1848 222 1900 siam,
273 1848 428 1890 animas
471 1846 655 1897 scilicet,
701 1863 805 1903 quae
850 1849 903 1889 ad
946 1849 1253 1904 perfectionem
1299 1863 1518 1902 venerunt,

97 1942 201 1982 quae
233 1943 378 1968 omnes
408 1925 533 1968 simul
566 1924 755 1966 efficiunt
782 1941 934 1982 corpus
955 1926 1169 1969 ccclesiae.
1211 1927 1342 1983 Quod
1364 1946 1517 1987 corpus

98 2003 241 2061 utique
270 2005 496 2061 pulchrum
522 2002 733 2044 videbitur
763 2014 804 2043 et
826 2004 1043 2055 decorum,
1075 2005 1109 2046 si
1140 2004 1315 2058 animae,
1348 2024 1396 2050 ex
1426 2009 1517 2065 qui-

97 2080 174 2121 bus
213 2097 366 2138 corpus
406 2080 517 2122 illud
560 2080 763 2132 efficitur,
810 2079 851 2121 in
893 2081 1009 2123 omni
1045 2084 1320 2139 perfectionis
1362 2087 1515 2128 decore

97 2158 413 2213 permanserint.
473 2158 594 2201 Sicut
632 2158 767 2210 enim,
808 2175 902 2200 cum
933 2159 1068 2207 anima
1107 2160 1150 2202 in
1189 2161 1406 2204 iracundia
1444 2175 1519 2214 est,

103 2235 318 2277 turbatum
349 2248 390 2277 et
422 2237 559 2278 ferum
591 2236 732 2278 reddit
770 2236 962 2293 corporis
1001 2238 1179 2281 vultum:
1220 2257 1315 2281 cum
1346 2257 1445 2283 vero
1477 2240 1519 2281 in

100 2312 416 2354 mansuetudine
447 2325 488 2355 et
517 2305 819 2372 tranquillitate
860 2314 1067 2372 persistit,
1106 2317 1324 2373 placidum
1353 2318 1520 2361 mitem*

220 2451 261 2508 ¹)
294 2451 403 2493 Edd.
435 2454 497 2495 Μ.
529 2455 687 2505 „Sicut
720 2454 866 2497 enim“
899 2467 976 2497 etc.

216 2521 260 2576 2)
289 2521 443 2563 Psalm.
477 2523 585 2575 CIV,
615 2525 683 2570 34.
801 2527 844 2583 3)
875 2527 984 2569 Edd.
1016 2528 1076 2569 M.
1109 2559 1136 2579 „
1151 2539 1292 2571 autem
1321 2533 1433 2572 est.“

215 2591 260 2646 ⁴)
289 2590 398 2633 Edd.
430 2592 492 2634 M.
536 2610 670 2644 „cum
707 2597 883 2637 verbum
920 2597 1003 2639 Dei
1043 2598 1234 2654 loquitur
1275 2616 1370 2641 cum
1414 2599 1518 2642 fide:

102 2663 198 2690 cum
228 2647 423 2701 dogmata
453 2648 673 2692 νει-ἰωήν*
702 2662 780 2694 etc.

220 2719 262 2775 5)
295 2718 452 2760 Cantic.
484 2719 549 2770 II,
582 2718 646 2763 14.
766 2722 809 2778 ⁶)
842 2721 1000 2766 Cantic.
1032 2725 1095 2775 II,
1128 2725 1193 2769 14.

218 2790 260 2844 ⁷)
290 2788 333 2828 II
354 2789 451 2831 Cor.
484 2789 572 2840 III,
605 2788 670 2833 18.
790 2792 834 2847 8)
865 2794 883 2833 l
910 2794 1007 2836 Cor.
1038 2794 1168 2846 XIII,
1203 2795 1266 2838 12.

216 2858 259 2913 ⁹)
292 2857 368 2900 Ed.
400 2859 557 2903 Ruaei:
603 2871 656 2900 et.
