1734 3112
623 113 824 156 HommA
854 114 949 155 VII.
1417 113 1498 158 189

77 231 310 283 βαίνοντες
339 226 389 270 δὲ
418 224 498 275 τὰς
526 230 654 276 θείας
678 225 874 282 ἐντολὰς,
907 228 984 269 καὶ
1013 222 1387 284 εἰδωλολάτρουν,
1421 229 1496 270 καὶ

76 303 132 348 τὰ
172 305 336 349 εἴδωλα
373 300 789 361 παρελάμβανονι)
827 300 1107 360 Δαμάσκου,
1149 300 1209 353 ὥς
1243 306 1494 360 γέγραπται

75 381 128 426 ἐν
159 385 251 430 ταῖς
272 383 543 437 Βασιλείαις,
577 384 654 425 καὶ
682 377 799 425 ἄλλα
829 383 994 427 εἴδωλα
1022 378 1382 440 παρελάμβανον
1408 385 1498 426 τῶν

75 458 226 503 ἐθνῶν
253 459 315 507 εἷς
342 455 425 512 τὴν
466 455 607 516 ἁγίαν
647 460 749 516 γῆν.
806 458 875 502 Δι’
911 450 977 504 ὧν
1012 456 1371 516 παρελάμβανον
1409 460 1499 503 τῶν

74 534 226 579 ἐθνῶν
254 532 477 591 εἰδώλων,
520 535 672 587 ἀξίους
709 535 897 588 ἑαυτούς
934 537 1122 582 ἐποίουν
1160 538 1499 592 καταβληθῆναι

76 614 140 662 εἷς
179 609 261 667 τὴν
302 614 393 657 τῶν
432 611 634 658 εἰδώλων
671 617 783 673 γῆν,
845 618 1178 673 καταγενέσθαι
1221 614 1334 668 ἐκεῖ,
1381 610 1498 657 ὅπου

72 686 390 745 προσεκύνουν
437 689 492 735 w?
533 692 713 738 εἴδωλα.
784 695 937 748 Φησὶν
977 685 1062 737 οὖν
1110 690 1133 738 ὁ
1173 688 1309 748 λόγος
1348 689 1501 740 αὐτοῖς

75 764 191 811 κατὰ
221 765 271 811 τὸ
302 765 461 828 ῥητόν·
495 767 631 825 ,,ἀνθ’
650 770 693 826 ²)
726 760 790 814 ὧν
819 771 1136 828 ἐγκατελίπετέ
1162 784 1234 826 με,
1265 772 1343 813 καὶ
1362 769 1499 813 ἐδου-

72 841 259 890 λεύσατε
316 850 441 895 θεοῖς
491 846 739 905 ἀλλοτρίοις
798 849 848 893 ἐν
864 849 907 904 ³)
964 850 1021 909 γῇ
1080 846 1235 905 ὑμῶν,
1300 844 1440 897 οὕτως
1455 846 1499 904 ⁶¹)

73 919 339 967 δουλεύσετε
379 928 503 974 θεοῖς
541 923 790 985 ἀλλοτρίοις
828 927 878 970 ἐν
916 928 974 986 γῇ
1015 924 1098 983 οὐχ
1139 924 1334 981 ὑμῶν.“
1399 927 1501 974 Πᾶς

73 999 125 1044 δὲ
156 998 179 1044 ὁ
211 1004 443 1045 θεοποιιῦν
472 1018 537 1057 τι,
574 1000 778 1048 δουλεύει
808 1007 932 1052 θεοῖς
964 1001 1230 1061 ἀλλοτρίοις.
1286 1000 1500 1048 Έκθειοὶω

73 1081 156 1130 ζεις
192 1079 246 1123 τὰ
295 1076 513 1137 βρώματα
555 1083 630 1124 καὶ
673 1078 728 1124 τὰ
765 1077 976 1138 πόματα,·
1036 1079 1143 1130 θεός
1190 1079 1272 1125 σού
1313 1081 1436 1125 ἐστιν
1472 1079 1498 1134 ἡ

72 1159 235 1201 κοιλία.
302 1160 448 1213 Τιμᾷς
477 1157 527 1201 τὸ
559 1157 783 1217 ἀργύριον
818 1157 877 1208 ὠς
913 1162 1034 1218 μέγα
1069 1157 1273 1217 ἀγαθὸν,
1314 1162 1391 1203 καὶ
1420 1157 1501 1202 τὸν

74 1237 275 1280 πλοῦτον
305 1233 446 1291 τόν5)
484 1232 629 1289 mitam
687 1235 793 1286 θεός
831 1233 913 1280 σού
946 1237 1067 1280 ἐστιν
1109 1235 1132 1281 ὁ
1162 1240 1389 1296 μαμωνᾶς
1424 1238 1500 1280 καὶ

73 1310 242 1373 κύριος.
276 1312 446 1369 Ἰησοῦς
474 1313 565 1373 γὰρ
595 1312 736 1358 αὐτὸν
762 1309 859 1358 εἶπε
884 1311 1042 1373 κύριον
1070 1317 1162 1359 τῶν
1183 1312 1497 1374 φιλαργύρων,

75 1388 289 1450 φάσκων·
344 1390 440 1446 ,,οὐ
456 1391 497 1447 ⁵)
530 1388 731 1435 δύνασθε
772 1394 867 1448 θεῷ
899 1390 1135 1437 δουλεύειν
1165 1395 1240 1435 καὶ
1268 1395 1499 1449 μαμωνᾷ·

77 1467 227 1518 οὐδεὶς
256 1465 445 1512 δύναται
475 1468 580 1512 δυσὶ
610 1472 781 1527 κυρίοις
821 1467 1107 1514 δουλεύειν.“
1169 1469 1346 1515 Οὐκοῦν
1376 1468 1399 1514 ὁ
1431 1487 1500 1514 τι-

75 1548 180 1602 μῶν
222 1544 272 1590 τὸ
319 1542 565 1604 ἀργύριον,
612 1549 687 1589 καὶ
730 1546 981 1604 θαυμάζων
1028 1546 1107 1592 τὸν
1153 1549 1378 1604 πλοῦτον,
1426 1551 1502 1592 καὶ

75 1627 275 1681 νομίζων
314 1622 496 1682 ἀγαθὸν
535 1622 674 1668 αὐτὸν
711 1620 851 1679 εἶναι,
899 1628 975 1668 καὶ
1019 1623 1361 1684 ἀποδεχόμενος
1400 1623 1503 1675 τοὺς

76 1704 326 1751 πλουσίους
364 1699 423 1751 ὡς
458 1700 619 1758 θεοὺς,
667 1700 769 1751 τούς
799 1703 849 1746 δὲ
889 1707 1082 1759 πένητας
1121 1701 1180 1753 ὠς
1214 1703 1278 1760 μὴ
1317 1704 1502 1760 ἔχοντας

78 1776 159 1824 τὸν
198 1777 312 1824 θεὸν
352 1776 503 1824 αὐτῶν
544 1780 821 1836 ἐξουθενιῦν,
868 1771 998 1830 οὗτος
1030 1786 1241 1827 θεοποιεῖ
1274 1779 1324 1826 τὸ
1356 1780 1501 1840 ἀργύ-

78 1873 192 1913 ριον.
266 1855 377 1900 Ἐὰν
421 1874 484 1906 τις
543 1858 593 1901 ἐν
638 1860 687 1919 τῇ
733 1861 790 1919 γῇ
843 1862 920 1903 τοῦ
965 1863 1101 1914 θεοῦ,
1162 1862 1212 1920 τῇ
1271 1859 1498 1915 ἐκκλησίᾳ,

198 1989 238 2044 ¹)
267 1990 316 2033 R.
345 1988 387 2031 in
420 1988 553 2031 notis:
614 1990 758 2040 „Cod.
800 1990 977 2033 Scorial.
1022 1992 1193 2050 (itemq.
1236 1993 1331 2038 edd.
1364 1992 1421 2034 PL
1459 1992 1502 2033 in

81 2046 237 2102 textu):
267 2044 630 2104 παρελάμβανον
660 2049 749 2091 τῶν
779 2048 944 2103 ἐθνῶν,
979 2047 1179 2093 εἰδώλων
1208 2049 1361 2100 ἀξίους
1390 2051 1499 2102 ml„

78 2102 220 2160 sicque
249 2102 455 2145 nonnulla
485 2102 638 2145 omissa
667 2115 784 2154 sunt,
826 2121 931 2161 quae
962 2105 1029 2148 hic
1059 2106 1311 2162 supplentur
1341 2122 1362 2147 e
1395 2106 1500 2148 Cod.

78 2159 325 2202 Vaticano.“
368 2186 414 2193 --
454 2160 508 2202 H.
540 2161 591 2202 ad
622 2159 874 2214 marginem:
908 2162 1048 2212 ‚‚C0d.
1080 2162 1325 2204 Vaticanus:
1355 2179 1502 2220 παρε-

80 2214 318 2271 λάμβανον
349 2216 627 2273 Δαμὰσκου,
661 2216 720 2266 ὠς
749 2222 1000 2278 γέγραπται
1035 2221 1085 2263 ἒν
1115 2225 1210 2269 ταῖς
1238 2221 1498 2275 βασιλείαις,

80 2275 158 2315 καὶ
187 2270 299 2317 ἄλλα
329 2276 493 2331 εἴδωλα
519 2272 842 2332 ἀνελάμβανον
870 2279 962 2319 τῶν
985 2278 1136 2320 ἐθνῶν
1167 2281 1228 2326 εἷς
1252 2275 1334 2331 τὴν
1363 2273 1502 2334 ἁγίαν

80 2331 197 2386 γῆν·
230 2329 284 2374 δι’
319 2332 382 2374 ὡν
412 2330 770 2391 παρελάμβανον
802 2334 934 2377 τῶνἐς
964 2336 1056 2376 κτλ.

199 2400 242 2457 ²)
274 2400 361 2443 Csr.
390 2402 544 2443 Jerem.
575 2403 627 2453 V,
659 2402 722 2446 19.
756 2404 854 2444 coll.
886 2420 977 2460 pag.
1008 2403 1098 2447 188.
1130 2414 1216 2445 not.
1243 2403 1280 2446 6.

200 2471 244 2525 ³)
275 2470 330 2512 H.
356 2471 409 2511 ad
437 2471 684 2525 marginem:
724 2474 865 2524 „C0d.
894 2472 1138 2516 Vaticanus:
1179 2476 1229 2519 ἓν
1258 2477 1309 2535 τῇ
1341 2476 1446 2534 γῇ.“

201 2541 243 2598 ⁴)
273 2542 324 2583 R.
350 2540 392 2581 in
422 2540 553 2582 notis:
585 2543 770 2592 „Verhaz
805 2542 944 2592 οὕτως
974 2542 1236 2590 δουλεύσετε
1267 2550 1391 2593 θεοῖς
1421 2544 1503 2587 ἀλ-

85 2601 276 2655 λοτρίοις
315 2598 365 2641 ἐν
403 2600 459 2657 γῇ
500 2597 583 2663 οὐχ
624 2596 776 2655 ὑμῶν.
814 2600 859 2642 ἰη
900 2600 1004 2643 Cod.
1038 2601 1217 2644 Scorial.
1247 2600 1420 2658 (itemq.
1460 2600 1503 2641 in

83 2666 200 2696 textu
230 2655 324 2696 edd.
356 2654 431 2709 H.)
471 2669 643 2705 om1ssa,
682 2655 788 2698 cod.
819 2657 952 2699 Vatic.
984 2658 1065 2715 (H.
1098 2672 1265 2715 quoque
1294 2657 1347 2699 ad
1376 2672 1503 2710 marg.

86 2710 201 2754 idem
231 2710 483 2765 attestante)
514 2709 742 2753 restituit.“

202 2782 243 2839 ⁵)
274 2781 328 2823 H.
361 2782 412 2822 ad
445 2780 696 2834 marginem:
751 2783 903 2832 „deest
935 2781 1014 2829 τόν
1044 2784 1085 2826 in
1119 2784 1224 2827 Cod.
1257 2782 1502 2825 Vaticano.“

199 2853 243 2909 ὅ)
276 2852 362 2894 cfr.
393 2851 545 2893 Matth.
574 2851 655 2902 VI,
686 2851 752 2895 24.
