1734 3112
255 85 338 130 128
684 84 907 128 OmGEms
937 96 984 126 m
1013 83 1040 124 J
1043 93 1254 124 mmmmm

253 199 505 257 ἑκριζοῦσιν
534 198 669 253 ἔθνη,
701 196 832 256 λόγοι
862 193 1232 241 κατασκάπτουσι
1259 197 1490 250 βασιλείας
1519 192 1680 245 ταύτας

255 273 334 325 τὰς
381 273 641 333 σωματικὰς
689 278 767 318 καὶ
810 273 1061 334 κοσμικὰς,
1114 271 1296 328 ἀξίας’)
1342 270 1494 329 λόγων
1538 289 1681 316 κατα-

254 349 573 408 σκαπτόντων,
626 350 809 408 ἀξίαςῖ)
868 347 1021 408 λόγων
1075 346 1383 407 ἕκριζούντων.
1459 347 1571 394 Νόει
1624 348 1678 393 τὰ

255 427 548 488 ἐκριζούμενα
580 426 671 473 ὑπὸ
711 427 893 486 λόγων,
936 427 990 471 τα
1021 425 1434 485 κατασκαπτόμενα
1467 425 1556 471 ὑπὸ
1598 424 1679 470 λό-

253 524 366 565 γων.
397 504 567 566 ’Ἀρα3)
600 502 701 562 ι’ίρτι
732 507 783 550 ἒν
811 511 905 554 τοῖς
934 508 1201 563 λεγομένοις
1230 503 1312 549 οὐκ
1342 506 1434 550 ἔστι
1466 502 1677 560 δύναμις,

253 584 339 630 ἐὰν
366 583 430 642 μὴ
464 582 486 628 6
518 583 625 633 θεὸς
654 584 792 640 διδῷ,
826 582 939 627 κατὰ
974 580 1049 627 τό·
1099 581 1297 641 ,,κὺριος
1313 581 1354 639 ⁴)
1386 580 1523 627 δώσει
1559 584 1681 642 ῥῆμα

252 668 345 712 τοῖς
374 661 789 718 εὐαγγελιζομένοις
819 659 1015 720 δυνάμει
1058 661 1256 720 πολλῇ.“
1313 658 1521 718 Δύναμις
1559 659 1681 717 ἐκρι-

254 742 415 792 ζοῦσα,
447 741 490 782 εἴ
515 755 578 787 τις
610 738 811 794 ἀπιστία,
845 741 888 783 εἴ
913 756 978 788 τις
1005 735 1266 797 ὑπόκρισις,
1301 740 1345 782 εἴ
1371 755 1434 787 τις
1462 741 1676 795 πονηρία,

253 822 297 864 εἴ
329 835 393 866 τις
430 816 668 860 ἀκολασία.
718 812 847 860 ’Ἐστι
883 812 1292 870 κατασκάπτουσα,
1333 818 1377 859 εἴ
1411 831 1503 859 που
1544 815 1679 859 εἰδω-

253 898 378 940 λεῖον
408 891 696 952 ᾠκοδόμηται
733 896 794 943 εἰς
832 892 915 949 τὴν
953 894 1175 951 καρδίαν,
1214 895 1290 936 ἵνα
1330 892 1506 936 ἐκείνου
1536 908 1680 935 κατα-

254 975 509 1029 σκαφέντος
549 973 833 1032 οἷκοδομηθῇ
872 970 981 1020 ναὸς
1019 974 1098 1016 τοῦ
1144 973 1281 1025 θεοῦ,
1330 972 1408 1013 καὶ
1449 966 1560 1019 δόξα
1599 971 1679 1012 τοῦ

254 1053 366 1095 θεοῦ
398 1047 562 1109 εὑρεθῇ
595 1049 645 1091 ἓν
673 1051 735 1105 τῷ
768 1042 1180 1105 ἀνοικοδομηθέντι
1224 1049 1348 1105 ναῷ,
1389 1049 1466 1090 καὶ
1495 1050 1680 1103 γένηται
1732 1063 1734 1068 ⁴

255 1127 336 1172 οὐκ
367 1123 528 1184 ι’ἱλσος,
572 1125 687 1169 ἀλλὰ
719 1130 881 1185 ([υτεία
911 1124 1245 1187 παράδεισος5)
1277 1127 1356 1169 τοῦ
1389 1126 1527 1181 θεοῦ,
1562 1121 1678 1167 ὅπου
1724 1119 1734 1127 ”

254 1203 362 1253 ναὸς
378 1204 421 1261 6)
459 1206 538 1248 τοῦ
576 1206 688 1248 θεοῦ
733 1204 783 1248 ἐν
825 1206 1008 1261 Χριστῷ
1042 1203 1213 1259 Ἰησοῦ·
1264 1193 1299 1259 ᾧ
1344 1202 1466 1245 ἔστιν
1502 1199 1527 1257 ἡ
1568 1198 1680 1250 δόξα
1723 1219 1725 1226 ’

254 1284 332 1325 καὶ
365 1279 415 1325 τὸ
447 1278 610 1338 κράτος
640 1284 702 1330 εἷς
731 1279 835 1330 τοὺς
867 1283 1034 1330 αἰῶνας
1062 1282 1152 1324 τῶν
1184 1276 1378 1323 αἰώνων.
1436 1276 1594 1335 Ἀμήν.

722 1571 903 1629 Ὁμιλία
945 1572 1132 1630 δευτέρα
1152 1571 1213 1629 7),

254 1676 337 1723 Εἷς
365 1671 440 1718 τό·
475 1675 604 1728 ,,πῶς
620 1673 664 1728 8)
697 1668 926 1732 ἐστριὲφης
953 1674 1014 1720 εἷς
1048 1675 1238 1729 πικρίαν
1262 1669 1288 1726 ἡ
1316 1666 1519 1728 ι’ἔμπελος
1544 1670 1570 1726 ἡ
1598 1670 1683 1714 ἆλ-

255 1754 433 1810 λοτρία,·
462 1747 573 1793 Ἐὰν
605 1746 851 1808 ἀποπλύνῃ
883 1749 934 1791 ἒν
964 1752 1114 1804 νίτρῳ,
1147 1750 1225 1791 καὶ
1254 1746 1489 1810 πληθύνῃς
1520 1751 1683 1810 σεαυτῇ

366 1825 506 1883 πόαν,
538 1827 839 1882 κεκηλίδωσαι
870 1825 920 1868 ἐν
950 1829 1046 1873 ταῖς
1076 1824 1273 1875 ἀδικίαις
1303 1841 1386 1871 σου
1417 1828 1569 1872 ἔναντι

701 1903 840 1961 ἐμοῦ,
873 1904 996 1958 λέγει
1027 1899 1235 1962 κύριος.“

365 2004 402 2047 1.
434 2000 514 2059 ,,Ό
528 2002 574 2058 ⁹)
608 1998 718 2050 Θεὸς
748 1996 955 2043 θάνατον
985 1998 1069 2042 οὐκ
1098 1999 1336 2056 ἐποίησεν,
1381 2000 1489 2045 οὐδὲ
1520 2004 1680 2058 τέρπε-

254 2099 327 2127 ται
368 2082 420 2126 ἒν
460 2079 665 2135 ἀπωλείᾳ
705 2075 895 2129 ζώντων.
956 2071 1134 2120 ’Έκτισε
1171 2074 1262 2135 γὰρ
1303 2080 1365 2127 εἷς
1397 2077 1447 2122 τὸ
1479 2074 1595 2123 εἶναι
1625 2075 1680 2122 τὰ

370 2208 412 2264 ¹)
443 2206 571 2248 Huet.
602 2206 655 2246 ad
684 2204 937 2257 marginem:
967 2203 1126 2255 „scrib
1160 2202 1344 2252 ἀξίως.“

368 2277 411 2333 ²)
442 2277 568 2318 Huet.
603 2276 655 2317 ad
683 2274 936 2327 marginem:
968 2273 1126 2325 „scrib.
1160 2272 1343 2323 ιἰξίως.“

365 2347 408 2404 3)
439 2347 551 2389 Edd.
580 2347 634 2387 H.
667 2357 709 2387 et
733 2347 784 2387 R.
815 2337 945 2404 ,ἷΑρα
976 2339 1075 2400 ἄρτι.
1106 2345 1230 2386 κτλ.“

367 2416 410 2473 ¹²)
440 2417 596 2458 Psalm.
626 2417 833 2466 LXVIII,
867 2414 933 2458 11.
963 2414 1185 2470 (LXVII.)

366 2487 407 2544 ⁵)
439 2487 494 2527 H.
526 2498 567 2526 et
596 2487 646 2528 R.
678 2486 722 2527 in
751 2497 890 2527 textu:
937 2481 1299 2541 μπιιριὲδεισος,(
1361 2485 1490 2527 iidem
1520 2497 1674 2538 tamen,
1702 2479 1703 2525 }

248 2545 300 2586 H.
332 2544 385 2585 ad
413 2558 541 2594 marg.
555 2573 566 2591 ‚
596 2542 647 2583 R.
678 2542 722 2583 in
751 2541 886 2582 notis:
925 2518 1075 2594 „³⁸:lege
1115 2543 1446 2600 παραδείσου(ς

366 2613 409 2670 t³)
439 2613 550 2653 Edd.
581 2610 708 2653 Huet.
740 2609 809 2666 „6
845 2608 951 2659 ναὸς
979 2613 1058 2654 τοῦ
1089 2614 1232 2656 θεοῦ

366 2684 406 2739 ⁷)
438 2682 492 2723 H.
525 2692 566 2722 et
595 2681 661 2730 R„
690 2681 808 2722 uncis
839 2681 1031 2740 adjectis:
1064 2680 1179 2739 juxta
1207 2681 1518 2739 Hieronymum
1547 2682 1701 2724 XIII

361 2754 404 2809 8)
439 2752 525 2794 Cfr.
555 2752 709 2792 Jerem.
743 2751 807 2801 II,
837 2751 904 2794 21.
936 2751 1003 2794 22.

364 2823 406 2878 9)
439 2823 526 2865 Cfr.
558 2822 655 2875 Sap.
689 2821 849 2862 Salem.
884 2823 925 2872 I,
957 2821 1022 2865 13.
1057 2823 1120 2865 14.

1308 2486 1318 2507 ί
