1763 3112
605 97 651 126 m
680 83 707 124 J
709 92 934 124 summm.
1393 82 1476 126 457

68 197 232 256 ὅμοιον
257 199 319 254 τῷ
346 196 544 240 ἐνταῦθα
560 197 765 251 κειμένῳ,
796 191 888 235 ἀλλ’
922 191 975 235 οῦ
1000 193 1105 249 περὶ
1129 190 1331 248 πάντων,
1364 192 1479 237 ἀλλά

69 278 173 333 περὶ
197 274 396 332 Ἐφραὶμ
418 273 458 330 ¹)
500 271 793 330 ὀδυρομένου.
820 314 823 315 ⁷
856 268 1058 328 Ἐφραὶμ
1097 270 1146 314 δὲ
1184 268 1478 327 ἑρμηνεύεται

68 349 372 410 καρποφόρος.

176 428 335 487 ,,Ἀκοῇ
351 426 394 483 2)
434 421 605 479 ἥκουσα
648 423 852 482 Ἐφραὶμ
901 420 1244 481 ὀδυρόμενον.“
1315 427 1481 479 Φωνῆς

68 507 306 561 κλαυθμοῦ
337 500 686 560 μετανοούντων
716 498 870 545 ἀκούει
902 499 923 544 ὁ
954 499 1072 549 θεός.
1129 500 1220 544 Διὰ
1249 505 1295 544 τί
1322 501 1372 546 δὲ
1401 500 1483 545 τὸν

66 581 268 639 Ἐφραὶμ
300 578 583 638 ὀδυρόμενον
615 577 685 636 ἐφ’
721 576 1046 635 ἁμαρτήμασιν
1073 573 1194 630 εἷπε;
1240 581 1343 622 Τῶν
1378 583 1479 622 Βα-

69 661 246 703 σιλειῶν
275 663 430 702 τοίνυν
460 656 484 711 ἡ
517 660 637 714 τρίτη
668 658 811 711 δηλοῖ,
845 653 902 703 ὡς
932 657 1101 710 πικρῶς
1131 654 1281 699 αὐτῶν
1311 651 1482 714 ἄρχον-

67 751 141 784 τος
169 738 247 779 τοῦ
274 734 484 792 Ῥοβοάμ,
517 736 622 778 δέον
652 731 812 782 αὐτούς
839 735 1163 791 καρτεροῦντας
1189 731 1253 791 μὴ
1278 732 1484 790 ἀποστῆ-

70 826 169 856 ναι·
207 812 383 867 ,,οῦκ3)
424 813 545 856 ἔστιν
573 809 684 868 ἡμῖν
713 813 842 869 μερὶς
871 811 922 853 ἓν
949 811 1170 865 Δαβίδ·“
1212 809 1480 868 ἀνεβόησαν,

69 887 141 934 ὅτε
161 888 394 947 Ἱεροβοὰμ
410 892 501 933 τῶν
517 886 816 932 ἀποστάντων
842 883 1044 943 ἡγήσατο
1068 888 1144 941 τῆς
1169 891 1316 944 φυλῆς
1330 887 1485 948 ὑπάρ-

62 982 165 1023 χων
190 966 416 1024 Ἐφραὶμ,
465 964 585 1014 ὅστις
619 963 838 1022 δαμάλεις
876 960 1070 1018 ποιήσας
1105 962 1357 1019 ἀπέστησεν
1393 965 1485 1012 ἀπὸ

70 1045 147 1097 τῆς
175 1046 286 1087 θεοῦ
316 1048 520 1099 λατρείας
548 1041 627 1091 τὰς
656 1042 764 1085 δέκα
790 1038 959 1098 φυλάς·
992 1039 1063 1099 ἐφ’
1098 1036 1163 1090 οἷς
1192 1041 1371 1093 εἰκότως
1398 1061 1487 1103 με..

70 1122 335 1169 τανοοῦντες
354 1118 599 1180 ὠδύροντο,
631 1121 707 1162 καὶ
722 1120 772 1178 τῇ
789 1116 952 1161 ἁλώσει
979 1116 1299 1170 παιδευθέντες
1317 1121 1461 1178 ἐβόων
1477 1138 1487 1147 ·

72 1196 380 1252 ,,ἒπαι’δευσάς
396 1196 438 1255 ⁴)
468 1214 550 1255 με,
591 1194 739 1255 κύριε,
774 1197 852 1237 καὶ
882 1193 1223 1251 ἐπαιδεύθην.“
1284 1194 1366 1242 Οἷα
1397 1199 1487 1258 γάρ

70 1292 134 1324 τις
162 1273 335 1332 μόσχος
361 1272 699 1332 ἀποσκιρτήσας
726 1274 804 1316 τοῦ
833 1276 1098 1329 βουκολίου,
1138 1277 1214 1328 τῆς
1254 1278 1332 1330 σῆς
1371 1277 1490 1322 ἀπέ-

73 1367 183 1409 στην
212 1353 367 1409 νομῆς,
398 1354 475 1395 καὶ
506 1353 670 1409 δέομαι
696 1352 772 1405 τῆς
799 1355 1024 1405 βοηθείας.
1078 1353 1173 1394 Σοῦ
1190 1351 1278 1410 γὰρ
1308 1353 1371 1410 μὴ
1403 1357 1489 1399 δυ-

74 1433 343 1487 ναμοῦντος,
376 1428 522 1472 ἀτονῶ
553 1425 666 1484 πρὸς
695 1424 1001 1486 ἐπιστροφήν·
1042 1429 1148 1472 δέον
1177 1430 1232 1472 δέ
1259 1447 1316 1486 με
1345 1449 1489 1487 μετα-

74 1512 199 1551 νοεῖν
239 1509 350 1563 πρὶν
384 1503 502 1560 ἀλῶ,
542 1507 620 1548 καὶ
658 1509 927 1561 πειθαρχεῖν
965 1519 1048 1547 σου
1087 1510 1180 1556 τοῖς
1217 1506 1490 1566 προφήταις,

73 1582 186 1642 μετὰ
216 1583 297 1639 τὴν
328 1582 498 1628 ἅλωσιν
524 1580 790 1642 μετενόησα.
850 1580 994 1630 Γνοὺς
1030 1583 1080 1626 δὲ
1118 1581 1328 1636 στενάζει.
1385 1591 1494 1637 Πῶς

75 1661 166 1720 γὰρ
197 1657 255 1704 ἄν
296 1678 360 1710 τις
399 1660 583 1719 ἀγνοῶν
620 1659 678 1709 ὠς
720 1658 1020 1717 ἁμαρτάνων,
1066 1659 1344 1718 στενάξειεν,
1387 1659 1490 1713 ἄξια

75 1736 249 1795 πράξας
277 1737 491 1795 αἰσχύνης
522 1739 571 1783 ἐν
590 1737 905 1795 ἁμαρτήμασι,
934 1739 1010 1780 καὶ
1030 1735 1228 1793 μάλιστα
1243 1744 1339 1789 ταῖς
1355 1740 1492 1786 ἀσελ-

75 1821 243 1873 γείαις;
305 1820 539 1860 Τοσοῦτον
579 1816 628 1860 δὲ
656 1812 931 1874 μετενόησα,
978 1812 1035 1862 ώς
1074 1810 1224 1864 ἄλλοις
1254 1814 1498 1869 ὑποδεῖξαί

79 1909 142 1938 σε.
203 1892 398 1950 Μεγάλη
436 1896 516 1938 τοῦ
555 1892 758 1951 Ἐφραὶμ
787 1890 813 1946 ἡ
843 1889 1085 1949 μετάνοια,
1127 1890 1238 1937 ὥστε
1272 1893 1353 1938 τὸν
1382 1896 1494 1941 θεὸν

79 1970 326 2027 ἀναλαβεῖν
354 1972 403 2014 ἐκ
433 1968 655 2026 στόματος
683 1968 820 2012 αὐτοῦ
850 1967 954 2018 τούς
983 1967 1145 2025 λόγους
1173 1972 1249 2023 τῆς
1271 1972 1493 2029 ἐξομολο-

80 2046 264 2107 γήσεως,
297 2047 435 2092 αὐτὸν
466 2049 514 2092 δὲ
545 2048 734 2091 ἀκοῦσαι
766 2050 922 2104 φωνῆς
951 2049 1025 2101 τῆς
1062 2046 1308 2103 λεγούσης·
1350 2051 1493 2107 ,,ἒκ5)

79 2124 282 2181 νεότητός
309 2143 391 2182 μοι
419 2124 514 2174 υἱός
544 2123 776 2182 ἀγαπητὸς
806 2120 849 2168 εἷ
870 2123 1120 2182 Ἐφραῖμ.“

192 2203 547 2261 ,,Εὐλογημένος
564 2203 606 2259 ⁶)
645 2201 798 2262 κύριος
828 2201 905 2245 ἐπὶ
937 2201 1118 2244 δίκαιον
1148 2197 1250 2256 ὅρος
1279 2203 1329 2247 τὸ
1360 2202 1496 2261 ἅγιον

85 2281 274 2325 αύτοῦ.“
332 2279 516 2328 Πάντας
555 2276 826 2338 ἀνθρώπους
864 2275 955 2335 εἶχε
984 2278 1401 2339 Ναβουχοδονόσορ
1432 2301 1496 2332 τις

80 2355 324 2417 Ἀσσύριος,
358 2357 436 2416 ἀφ’
458 2348 513 2401 οῦ
535 2356 729 2415 Χριστὸς
757 2354 878 2416 ἡμᾶς
907 2352 1200 2416 ἔλυτρώσατο.
1239 2356 1326 2403 Διὸ
1357 2364 1496 2405 ΝΙατ-

204 2540 243 2596 ¹)
274 2540 360 2581 Csr.
389 2539 546 2581 Jerem.
576 2538 738 2589 XXXI,
769 2538 834 2581 18.

202 2610 244 2665 ²)
277 2609 361 2651 Cfr.
391 2608 547 2650 Jerem.
577 2608 738 2658 XXXI,
770 2607 835 2650 18.

200 2681 245 2735 ³)
276 2679 362 2722 Cfr.
392 2680 411 2720 Ι
442 2679 571 2731 Regg.
600 2678 700 2728 XII,
732 2676 796 2721 16.
827 2678 913 2734 (ΙΙΙ
942 2679 1091 2734 Regg.)

202 2749 244 2806 ⁴)
273 2750 429 2791 Jerem.
459 2748 619 2799 XXXI,
652 2747 717 2791 18.
838 2749 879 2804 ⁵)
911 2748 996 2791 Cfr.
1027 2749 1181 2791 Jerem.
1213 2751 1375 2802 XXXI,
1408 2752 1473 2796 19.

199 2821 241 2876 ⁶)
271 2818 425 2861 Jerem.
457 2819 616 2869 XXXI,
646 2818 712 2864 23.
