1734 3112
233 150 288 194 32
529 151 750 193 Omonms
781 162 825 190 m
858 149 1038 191 emme.
1072 150 1377 191 CANTJCORUM

235 264 514 321 corporaliter
543 263 779 317 intelligere
813 265 938 304 debes
980 264 1138 303 laevam
1180 262 1288 320 ejus,
1328 273 1399 302 aut
1438 261 1664 310 dexteram,

236 341 304 382 vel
335 342 550 398 amplexus
582 358 771 399 sponsae,
803 341 870 382 vel
902 341 1062 382 animae
1094 357 1173 397 pro
1206 339 1378 381 feminei
1411 338 1570 391 generis
1592 339 1664 378 de-

237 419 461 461 clinatione
492 421 731 477 percipere:
765 421 836 460 sed
870 421 1043 460 verbum
1062 418 1159 468 Dei,
1192 417 1380 474 quamvis
1401 417 1512 473 apud
1534 416 1663 458 Grae-

237 514 307 539 cos
338 498 595 548 masculino,
628 499 740 555 apud
771 514 848 538 nos
878 509 1030 538 neutro
1064 496 1270 553 genere¹)
1302 498 1567 553 proferatur,
1598 511 1663 536 su·

236 592 314 632 per
350 576 629 618 masculinum
670 588 811 617 tamen
852 587 891 616 ct
929 587 1125 616 neutrum
1167 591 1213 615 ac
1254 575 1483 615 femineum
1523 589 1663 627 genus,

239 665 279 694 et
308 670 434 711 super
465 671 588 696 omne
622 655 823 703 omnino,
858 654 972 710 quod
1004 655 1055 694 ad
1085 654 1167 694 hoc
1198 653 1389 709 respicit,
1433 668 1517 693 esse
1553 651 1665 703 cogi-

237 733 360 773 tanda
393 744 489 774 sunt
518 732 616 784 ista,
649 734 700 774 de
732 732 883 789 quibus
913 748 1051 772 sermo
1090 742 1172 772 est:
1216 742 1256 772 et
1285 747 1372 772 non
1404 730 1543 770 solum
1575 744 1666 770 ver·

236 810 337 851 bum
359 810 457 860 Dei,
489 811 562 851 sed
594 821 635 851 et
664 811 840 852 ecclesia
872 809 972 868 ejus,
1003 821 1127 866 atque
1159 809 1295 850 anima
1328 809 1529 865 perfecta,
1560 823 1663 864 quae

239 900 279 929 et
309 904 460 945 sponsa
491 888 744 931 nominatur.
806 888 875 931 Sic
908 888 1019 929 enim
1051 900 1092 929 et
1114 888 1347 944 Apostolus
1379 887 1501 928 dicit:
1534 886 1666 942 „in²)

240 965 408 1008 Christo
451 966 562 1007 enim
593 983 729 1022 neque
760 966 988 1016 masculus,
1030 982 1165 1022 neque
1196 966 1372 1016 femina,
1415 966 1486 1007 sed
1520 980 1665 1006 omnes

239 1044 282 1085 in
311 1044 406 1101 ipso
437 1061 569 1086 unum
598 1051 783 1086 sumus.“
836 1045 951 1086 Haec
982 1056 1121 1085 autem
1151 1056 1330 1100 propter
1359 1043 1563 1093 homines,
1595 1042 1666 1099 qui

239 1122 363 1163 aliter
392 1123 537 1164 audire
569 1138 656 1163 non
687 1135 888 1179 possunt,
919 1121 998 1163 nisi
1029 1121 1090 1162 his
1110 1122 1151 1175 ³)
1185 1122 1342 1172 verbis,
1382 1138 1486 1178 quae
1517 1121 1559 1162 in
1591 1136 1667 1160 usu

238 1200 458 1251 habentur,
491 1200 533 1241 in
566 1200 772 1256 scriptura
803 1200 943 1241 divina
973 1198 1145 1240 humani
1175 1215 1294 1240 more
1320 1200 1561 1240 referuntur
1581 1198 1667 1238 elo-

241 1277 350 1332 quii:
399 1290 446 1318 ut
485 1278 623 1319 verbis
668 1278 840 1334 quidem
878 1277 990 1319 notis
1038 1277 1141 1333 ea4)
1185 1288 1225 1317 et
1263 1277 1396 1318 solitis
1437 1276 1667 1326 audiamus,

241 1370 363 1395 sensu
395 1367 533 1396 tamen
565 1355 658 1416 illo2
691 1372 775 1411 quo
808 1356 979 1409 dignum
1011 1367 1086 1405 est,
1117 1355 1168 1395 de
1201 1354 1351 1395 (livinis
1380 1355 1503 1395 rebus
1537 1365 1577 1394 et
1606 1353 1668 1393 in-

242 1433 457 1488 corporeis
488 1433 727 1474 sentiamus.
787 1435 894 1474 Nam
937 1433 1045 1474 sicut
1084 1433 1139 1483 is,
1186 1433 1257 1489 qui
1295 1444 1526 1474 amatorem
1565 1430 1666 1471 dicit

240 1527 282 1551 se
316 1527 402 1551 esse
433 1510 759 1567 pulchritudinis
791 1510 1032 1566 sapientiae,
1062 1511 1144 1550 hoc
1176 1511 1374 1561 ostendit,
1406 1511 1519 1566 quod
1550 1520 1665 1549 natu-

240 1590 399 1639 ralem,
432 1588 503 1645 qui
534 1588 577 1629 in
607 1604 650 1628 se
684 1599 766 1638 est,
799 1587 978 1629 caritatis
1010 1589 1211 1629 affectum
1243 1589 1294 1628 ad
1324 1587 1458 1628 studia
1490 1598 1670 1629 transtu-

240 1666 338 1707 lerit
377 1665 625 1722 sapientiae:
672 1667 729 1706 ita
769 1677 808 1706 et
847 1666 913 1706 hic
954 1682 1106 1722 sponsa
1146 1665 1358 1722 deposcit,
1410 1665 1478 1706 vel
1518 1664 1667 1715 anima,

240 1744 309 1784 vel
340 1743 537 1793 ecclesia,
577 1754 624 1783 ut
654 1759 830 1798 sponsus
861 1760 978 1793 suus,
1022 1744 1094 1800 qui
1126 1755 1186 1785 est
1217 1745 1392 1784 verbum
1423 1743 1520 1792 Dei,
1552 1743 1669 1783 laeva

241 1821 415 1878 quidem
443 1837 516 1862 sua
549 1831 673 1876 caput
704 1819 790 1878 ejus
821 1832 1047 1872 sustentet,
1090 1822 1258 1862 dextera
1289 1836 1389 1862 vero
1424 1819 1510 1877 ejus
1543 1836 1668 1861 omne

242 1898 329 1956 ejus
366 1898 591 1955 reliquum,
620 1897 928 1953 complectatur
977 1910 1016 1939 et
1067 1899 1321 1951 constringat
1369 1914 1534 1954 corpus.
1594 1898 1669 1940 Est

241 1988 384 2018 autem
414 1976 542 2026 laeva,
573 1976 616 2016 in
647 1992 729 2032 qua
755 1975 959 2032 sapientia
990 1976 1154 2017 divitias
1187 1976 1401 2017 continere
1433 1988 1472 2017 et
1493 1976 1670 2030 gloriam

241 2055 408 2097 dicitur.
464 2053 579 2108 Quas
611 2065 751 2095 autem
781 2054 908 2095 habet
937 2053 1102 2095 divitias
1132 2049 1321 2105 ecclesia,
1353 2066 1393 2095 et
1424 2070 1547 2111 quam
1578 2054 1667 2107 glo·

239 2131 366 2183 riam,
396 2132 476 2173 nisi
506 2132 611 2182 illas,
644 2148 743 2188 quas
775 2131 938 2188 accepit
968 2133 1019 2172 ab
1052 2148 1125 2183 eo,
1166 2133 1239 2188 qui
1274 2148 1369 2173 cum
1400 2132 1514 2173 dives
1548 2143 1667 2183 esset,

241 2226 404 2267 pauper
442 2210 575 2250 factus
618 2221 700 2259 est,
746 2221 793 2250 ut
830 2210 945 2250 illius
974 2221 1220 2266 paupertate
1252 2210 1428 2251 ecclesia
1457 2210 1577 2252 fieret
1607 2210 1669 2251 di-

242 2287 341 2330 ves?
401 2286 522 2341 Quae
561 2298 702 2327 autem
742 2298 803 2327 est
840 2286 1003 2338 gloria?
1061 2287 1140 2328 llla
1176 2287 1263 2328 sine
1307 2287 1460 2338 dubio,
1505 2289 1557 2329 de
1588 2305 1667 2345 qua

243 2364 368 2406 dicit:
401 2364 626 2420 „Pam-⁵),
659 2364 840 2405 clarifica
869 2363 1007 2404 fllium
1036 2371 1213 2404 tuum:“
1242 2365 1445 2421 passionis
1476 2365 1564 2405 sine
1592 2366 1662 2406 du-

241 2443 316 2484 bio
348 2442 525 2496 gloriam
558 2441 786 2494 designans.
843 2441 972 2483 Fides
1003 2457 1100 2494 ergo
1132 2441 1335 2497 passionis
1368 2441 1544 2494 Christi,
1576 2442 1666 2495 glo-

242 2520 304 2561 ria
333 2532 374 2561 et
405 2519 575 2560 divitiae
607 2519 808 2561 ecclesiae
838 2531 946 2570 sunt,
975 2536 1080 2576 quae
1111 2519 1153 2560 in
1184 2520 1300 2560 laeva
1331 2504 1418 2577 ejus
1450 2518 1665 2561 continen—

244 2609 324 2640 tur.
382 2598 565 2639 Laevam
595 2608 737 2637 autem
765 2608 872 2653 puto
906 2596 1022 2638 verbi
1039 2597 1080 2652 ⁶)
1110 2596 1193 2637 Dei
1234 2598 1315 2639 hoc
1345 2597 1477 2638 modo
1510 2596 1662 2637 debere

246 2701 346 2708 ——.

365 2766 406 2822 ¹)
435 2765 567 2806 Deest
595 2771 800 2816 „genere“
819 2765 859 2805 in
887 2766 981 2806 edd.
999 2766 1060 2813 M,
1184 2766 1225 2822 2)
1257 2766 1343 2807 Cfr.
1375 2764 1468 2806 Gal.
1486 2765 1564 2817 III,
1594 2766 1660 2810 28.

362 2837 405 2891 3)
436 2836 570 2876 Deest
598 2834 731 2884 „his“
762 2834 806 2874 in
838 2836 931 2876 edd.
966 2834 1024 2877 Μ.
1145 2837 1187 2892 ⁴)
1216 2836 1327 2876 Edd.
1356 2836 1417 2877 M.
1448 2868 1473 2887 „
1487 2853 1565 2878 eas.
1580 2844 1605 2861 “

364 2906 405 2962 ⁵)
438 2905 522 2947 Cfr.
547 2922 608 2946 ev.
629 2906 780 2946 Joaml.
806 2905 908 2956 XII,
928 2905 994 2948 28.
1115 2908 1159 2962 6)
1187 2906 1295 2946 Edd.
1321 2907 1382 2948 M.
1413 2908 1658 2958 „verbumf‘
