1734 3112
224 136 278 179 18
512 135 734 176 Omsssssis
764 144 808 174 m
842 133 1028 178 CAN’ric.
1058 131 1361 174 CANTmoRUM

225 247 371 304 ωτι),
411 247 507 304 quia
539 246 675 287 omnis
714 246 895 302 palmes,
935 245 1004 301 qui
1046 261 1131 286 non
1169 256 1309 285 manet
1350 244 1393 284 in
1435 259 1525 292 me,
1565 258 1650 283 non

225 337 367 382 potest
397 327 548 366 afferre
581 326 775 366 fructum.
821 325 958 366 Nemo
992 323 1103 364 enim
1134 323 1335 379 producit
1359 323 1542 363 fructum
1563 320 1647 360 vini

225 403 369 462 hujus,
409 404 487 444 nisi
520 403 591 460 qui
621 414 839 459 permanet
870 402 910 442 iu
944 403 1097 451 verbo,
1139 413 1179 441 et
1208 400 1433 456 sapientia,
1473 411 1514 440 et
1546 399 1651 439 veri-

228 494 323 533 tate,
355 494 396 523 et
426 482 596 540 justitia,
629 493 668 522 ct
692 498 809 537 pace,
843 479 1121 534 omnibusque
1148 478 1384 520 virtutibus.
1444 477 1563 518 Istud
1592 487 1653 517 est

226 559 392 609 vinum,
437 575 520 615 quo
563 559 689 600 etiam
729 557 926 599 inebriari
966 556 1105 615 justis,
1150 569 1190 597 et
1229 556 1379 597 sanctis
1418 555 1652 612 quibusque

229 637 416 693 optabile
456 636 695 694 ducitur‘2).
766 636 880 677 Haec
920 646 1024 690 puto
1073 646 1113 675 et
1154 633 1197 674 iu
1237 633 1389 690 spiritu
1431 632 1515 690 jam
1555 644 1653 673 tunc

226 716 320 757 Noe
336 715 378 771 3)
411 726 636 765 contuens,
678 713 907 754 inebriatus
940 729 1025 753 esse
1065 712 1238 754 dicitur:
1280 724 1321 753 et
1350 711 1491 753 David
1521 710 1655 752 admi-

225 804 336 834 ratus
368 792 489 850 hujus
521 791 705 834 convivii
736 790 935 841 calicem,
967 790 1088 832 dicit:
1131 791 1266 848 „et⁴)
1298 790 1506 847 poculum
1533 801 1654 830 tuum

224 870 434 912 inebrians
466 888 591 928 quam
620 870 886 927 praeclarum
918 868 1035 910 cst!“
1097 870 1167 910 Ad
1203 869 1309 910 hanc
1345 884 1443 921 ergo
1477 868 1653 909 domum

226 949 311 991 vini
351 949 548 1001 ecclesia,
594 949 663 989 vel
708 947 845 989 anima
889 963 1165 1003 unaquaeque
1212 946 1500 1003 desiderat⁵),
1546 961 1653 1002 quae

224 1030 415 1084 perfecta
438 1039 546 1078 sunt,
568 1025 736 1077 intrare,
768 1037 810 1067 et
827 1024 1093 1077 dogmatibus
1116 1024 1344 1081 sapientiae
1361 1022 1653 1082 mysteriisque

224 1106 443 1158 scientiae,
485 1104 707 1162 epularum
746 1103 864 1144 velut
901 1102 1127 1155 suavitate,
1167 1114 1207 1144 et
1239 1102 1325 1144 vini
1362 1101 1522 1144 laetitia
1559 1117 1657 1158 per-

225 1184 323 1227 frui.
383 1184 616 1227 Sciendum
645 1198 740 1223 sane
780 1193 864 1232 est,
905 1180 1001 1237 quia
1039 1180 1147 1222 sicut
1188 1193 1249 1223 est
1266 1182 1308 1236 6)
1352 1180 1465 1221 istud
1495 1179 1654 1231 vinum,

227 1262 344 1319 quod
389 1263 440 1303 de
486 1260 752 1314 dogmatibus
795 1258 979 1300 veritatis
1017 1275 1232 1315 pressum,
1277 1258 1576 1301 commiscetur
1611 1258 1655 1299 in

227 1352 386 1381 cratere
439 1338 689 1396 sapientiae:
751 1337 809 1379 ita
857 1349 919 1378 est
941 1338 982 1394 ⁷)
1036 1337 1294 1378 contrarium
1339 1338 1505 1387 vinum,
1557 1355 1654 1379 cum

224 1418 368 1474 inique
384 1418 426 1474 8)
458 1416 722 1476 inebriantur
748 1426 1007 1471 peccatores,
1039 1426 1080 1456 et
1109 1415 1166 1467 hi,
1197 1416 1270 1472 qui
1300 1416 1429 1458 falsae
1453 1416 1653 1458 scientiae

225 1497 422 1549 dogmata
457 1493 695 1552 perniciosa
740 1493 985 1549 suscipiunt.
1056 1492 1124 1533 De
1169 1494 1320 1549 quibus
1360 1494 1567 1536 Salomon
1608 1494 1653 1536 in

224 1573 463 1631 proverbiis
484 1572 607 1613 dicit:
639 1571 709 1622 „hi
725 1570 765 1628 ⁹)
798 1582 938 1612 autem
971 1570 1102 1611 edunt
1133 1569 1250 1612 cibos
1277 1571 1520 1628 impietatis,
1553 1572 1651 1613 vino

226 1666 367 1695 autem
404 1651 552 1705 iniquo
593 1649 894 1690 inebriantur.“
953 1649 1022 1689 De
1060 1648 1143 1689 hoc
1186 1650 1341 1689 eodem
1371 1648 1470 1689 vino
1508 1649 1656 1705 iniquo

224 1730 351 1771 etiam
380 1727 424 1768 in
447 1727 792 1768 Deuteronomio
825 1725 1003 1779 legimus
1033 1725 1090 1766 ita
1122 1725 1355 1782 scriptum:
1396 1727 1564 1784 ,‚ex¹⁰)
1597 1725 1657 1767 vi-

222 1808 311 1849 neis
344 1806 636 1863 Sodomorum
667 1803 762 1845 vitis
803 1820 974 1855 eorum,
1014 1815 1054 1844 et
1093 1803 1257 1859 palmes
1300 1819 1448 1845 eorum
1487 1821 1535 1845 ex
1566 1804 1656 1846 Go-

223 1901 386 1927 morra:
424 1899 507 1924 uva
539 1898 688 1942 eorum
717 1898 798 1923 uva
827 1881 966 1933 fellis,
1005 1893 1047 1922 et
1082 1882 1230 1923 botrus
1261 1881 1550 1924 amaritudinis
1581 1882 1654 1925 iis:

201 1965 346 2007 ‚furor
375 1963 607 2003 draconum
637 1960 783 2001 vinum
815 1976 986 2010 eorum,
1031 1971 1072 2000 et
1109 1960 1231 2000 furor
1269 1976 1420 2001 eorum
1462 1959 1657 2016 aspidum

225 2039 509 2084 insanabilis.“
568 2038 685 2079 Illud
715 2049 856 2078 autem
886 2037 1052 2088 vinum,
1085 2038 1202 2094 quod
1233 2038 1284 2079 de
1315 2038 1401 2078 vite
1430 2053 1528 2078 vera
1556 2054 1657 2094 pro-

226 2120 361 2170 cedit,
401 2133 560 2159 novum
604 2132 772 2172 semper
814 2126 886 2156 est.
955 2115 1137 2171 Semper
1174 2113 1286 2157 enim
1324 2132 1403 2172 per
1438 2116 1655 2173 profectus

228 2196 479 2239 discentium
510 2193 708 2235 scientiae
741 2203 783 2233 et
813 2191 1041 2248 sapientiae
1082 2192 1249 2234 divinae
1288 2193 1515 2235 innovatur
1543 2193 1655 2246 agni·

225 2275 300 2316 tio.
340 2273 397 2316 Et
425 2272 524 2314 ideo
543 2271 710 2313 dicebat
724 2270 845 2311 Jesus
877 2269 1094 2326 discipulis
1124 2270 1222 2321 suis,
1254 2270 1352 2327 quia
1380 2270 1655 2328 ‚‚novum¹¹)

224 2352 367 2393 bibam
407 2351 517 2392 illud
558 2349 777 2391 vobiscum
817 2348 860 2389 in
898 2364 1026 2402 regno
1066 2347 1196 2405 patris
1238 2348 1366 2390 mei.“
1425 2351 1656 2391 Innovatur

342 2554 383 2609 ¹)
416 2553 503 2596 Cfr.
535 2569 597 2595 ev.
627 2552 779 2598 Joann.
809 2551 904 2603 XV,
934 2550 973 2594 4.
1092 2552 1136 2609 ²)
1166 2550 1276 2595 Edd.
1307 2552 1370 2595 M.
1401 2552 1623 2605 „dicitur.“

340 2625 383 2682 3)
416 2624 502 2667 Cfr.
536 2622 643 2664 Gen.
675 2623 751 2666 IX.
870 2622 914 2679 4)
945 2622 1100 2668 Psalm,
1132 2623 1303 2675 XXIII,
1334 2624 1374 2667 5.

342 2696 384 2752 ⁵)
414 2694 525 2736 Edd.
556 2693 617 2735 M.
650 2692 922 2744 „desiderant
952 2709 1057 2749 quae
1087 2694 1302 2749 perfectae
1332 2699 1455 2735 sunt“
1486 2705 1565 2740 etc.

339 2766 382 2822 ὃ)
412 2764 523 2805 Edd.
554 2764 617 2806 M.
647 2770 759 2814 ‚,et.“
880 2763 922 2822 7)
953 2763 1060 2807 Edd.
1090 2764 1153 2805 M.
1185 2771 1297 2816 „et.“
1334 2773 1339 2775 ’
1501 2757 1514 2763 ⁷

336 2835 380 2892 8)
413 2834 522 2875 Edd.
554 2834 614 2875 Μ.
648 2833 874 2890 „iniquo.“
995 2834 1038 2892 9)
1069 2834 1196 2876 Prov.
1227 2835 1301 2885 IV,
1335 2833 1400 2878 17.

314 2905 382 2962 ¹⁰)
411 2905 540 2946 Dent.
571 2903 755 2955 XXXII,
785 2903 852 2948 32.
888 2903 955 2948 33.
1080 2906 1149 2961 ¹¹)
1180 2904 1330 2946 Matth.
1363 2905 1521 2956 XXVI,
1551 2905 1617 2949 29.
