<?xml version="1.0" encoding="UTF-8"?>
<!DOCTYPE html PUBLIC "-//W3C//DTD XHTML 1.0 Transitional//EN"
    "http://www.w3.org/TR/xhtml1/DTD/xhtml1-transitional.dtd">
<html xmlns="http://www.w3.org/1999/xhtml" xml:lang="en" lang="en">
 <head>
  <title>
</title>
<meta http-equiv="Content-Type" content="text/html;charset=utf-8" />
  <meta name='ocr-system' content='tesseract 3.04.00' />
  <meta name='ocr-capabilities' content='ocr_page ocr_carea ocr_par ocr_line ocrx_word'/>
</head>
<body>
  <div class='ocr_page' id='page_1' title='image "./operaomniaquaegr15orig/operaomniaquaegr15orig_0145.png"; bbox 0 0 1734 3112; ppageno 0'>
   <div class='ocr_carea' id='block_1_1' title="bbox 0 2190 28 3112">
    <p class='ocr_par' dir='ltr' id='par_1_1' title="bbox 0 2190 28 3112">
     <span class='ocr_line' id='line_1_1' title="bbox 0 2190 28 3112; baseline 0 0"><span class='ocrx_word' id='word_1_1' title='bbox 0 2190 28 3112; x_wconf 95' lang='lat' dir='ltr'><em> </em></span> 
     </span>
    </p>
   </div>
   <div class='ocr_carea' id='block_1_2' title="bbox 653 100 1502 144">
    <p class='ocr_par' dir='ltr' id='par_1_2' title="bbox 653 100 1502 144">
     <span class='ocr_line' id='line_1_2' title="bbox 653 100 1502 144; baseline 0.004 -3"><span class='ocrx_word' id='word_1_2' title='bbox 653 100 853 143; x_wconf 72' lang='grc' dir='ltr'><em>ΗοΜηῐΑ</em></span> <span class='ocrx_word' id='word_1_3' title='bbox 884 100 938 142; x_wconf 89' lang='grc' dir='ltr'><em>ΙΙ.</em></span> <span class='ocrx_word' id='word_1_4' title='bbox 1426 100 1502 144; x_wconf 82' lang='lat'><em>131</em></span> 
     </span>
    </p>
   </div>
   <div class='ocr_carea' id='block_1_3' title="bbox 70 208 1510 2590">
    <p class='ocr_par' dir='ltr' id='par_1_3' title="bbox 70 208 1510 2590">
     <span class='ocr_line' id='line_1_3' title="bbox 80 208 1499 271; baseline -0.002 -11"><span class='ocrx_word' id='word_1_5' title='bbox 80 231 242 271; x_wconf 86' lang='grc' dir='ltr'><em>μενος,</em></span> <span class='ocrx_word' id='word_1_6' title='bbox 289 216 366 258; x_wconf 80' lang='grc' dir='ltr'><em>καὶ</em></span> <span class='ocrx_word' id='word_1_7' title='bbox 404 211 811 270; x_wconf 80' lang='grc' dir='ltr'><em>ἀποσμηξάμενος,</em></span> <span class='ocrx_word' id='word_1_8' title='bbox 843 212 1152 271; x_wconf 73' lang='grc' dir='ltr'><em>’καθαρθῆναι</em></span> <span class='ocrx_word' id='word_1_9' title='bbox 1200 208 1281 266; x_wconf 82' lang='grc' dir='ltr'><em>τὴν</em></span> <span class='ocrx_word' id='word_1_10' title='bbox 1321 211 1499 270; x_wconf 81' lang='grc' dir='ltr'><em>ψυχήν;</em></span> 
     </span>
     <span class='ocr_line' id='line_1_4' title="bbox 70 287 1499 348; baseline -0.002 -12"><span class='ocrx_word' id='word_1_11' title='bbox 70 290 167 336; x_wconf 87' lang='grc' dir='ltr'><em>Ὅτι</em></span> <span class='ocrx_word' id='word_1_12' title='bbox 207 294 326 348; x_wconf 82' lang='grc' dir='ltr'><em>λέγει</em></span> <span class='ocrx_word' id='word_1_13' title='bbox 365 289 565 334; x_wconf 73' lang='grc' dir='ltr'><em>ἐνταῦθα</em></span> <span class='ocrx_word' id='word_1_14' title='bbox 604 287 628 334; x_wconf 85' lang='grc' dir='ltr'><em>ὂ</em></span> <span class='ocrx_word' id='word_1_15' title='bbox 667 287 804 347; x_wconf 92' lang='grc' dir='ltr'><em>λόγος</em></span> <span class='ocrx_word' id='word_1_16' title='bbox 841 291 893 344; x_wconf 88' lang='grc' dir='ltr'><em>τῆ</em></span> <span class='ocrx_word' id='word_1_17' title='bbox 923 291 1174 348; x_wconf 79' lang='grc' dir='ltr'><em>στραφείσῃ</em></span> <span class='ocrx_word' id='word_1_18' title='bbox 1205 290 1267 337; x_wconf 78' lang='grc' dir='ltr'><em>εἰς</em></span> <span class='ocrx_word' id='word_1_19' title='bbox 1295 294 1499 347; x_wconf 81' lang='grc' dir='ltr'><strong><em>πικρίαν,</em></strong></span> 
     </span>
     <span class='ocr_line' id='line_1_5' title="bbox 80 362 1502 426; baseline -0.002 -13"><span class='ocrx_word' id='word_1_20' title='bbox 80 372 157 413; x_wconf 85' lang='grc' dir='ltr'><em>καὶ</em></span> <span class='ocrx_word' id='word_1_21' title='bbox 185 370 409 426; x_wconf 79' lang='grc' dir='ltr'><em>γενομένῃ</em></span> <span class='ocrx_word' id='word_1_22' title='bbox 439 365 655 426; x_wconf 74' lang='grc' dir='ltr'><em>ἀλλοτρίᾳ</em></span> <span class='ocrx_word' id='word_1_23' title='bbox 686 364 900 423; x_wconf 80' lang='grc' dir='ltr'><em>ἀμπέλῳ·</em></span> <span class='ocrx_word' id='word_1_24' title='bbox 932 362 1053 421; x_wconf 75' lang='grc' dir='ltr'><em>,,ἔάν</em></span> <span class='ocrx_word' id='word_1_25' title='bbox 1082 362 1326 425; x_wconf 81' lang='grc' dir='ltr'><em>ἆποπλύνῃ</em></span> <span class='ocrx_word' id='word_1_26' title='bbox 1346 366 1397 410; x_wconf 77' lang='grc' dir='ltr'><em>ἕν</em></span> <span class='ocrx_word' id='word_1_27' title='bbox 1425 371 1502 410; x_wconf 91' lang='grc' dir='ltr'><em>νί-</em></span> 
     </span>
     <span class='ocr_line' id='line_1_6' title="bbox 79 440 1502 505; baseline -0.004 -14"><span class='ocrx_word' id='word_1_28' title='bbox 79 463 194 505; x_wconf 86' lang='grc' dir='ltr'><em>τρῳ,</em></span> <span class='ocrx_word' id='word_1_29' title='bbox 240 446 317 488; x_wconf 84' lang='grc' dir='ltr'><em>καὶ</em></span> <span class='ocrx_word' id='word_1_30' title='bbox 346 440 581 504; x_wconf 79' lang='grc' dir='ltr'><em>πληθύνῃς</em></span> <span class='ocrx_word' id='word_1_31' title='bbox 614 445 776 504; x_wconf 79' lang='grc' dir='ltr'><em>σεαυτῇ</em></span> <span class='ocrx_word' id='word_1_32' title='bbox 807 441 954 498; x_wconf 91' lang='grc' dir='ltr'><em>πόαν,</em></span> <span class='ocrx_word' id='word_1_33' title='bbox 997 443 1297 498; x_wconf 77' lang='grc' dir='ltr'><em>κεκηλίδωσαι</em></span> <span class='ocrx_word' id='word_1_34' title='bbox 1328 443 1379 487; x_wconf 80' lang='grc' dir='ltr'><em>ἒν</em></span> <span class='ocrx_word' id='word_1_35' title='bbox 1404 448 1502 494; x_wconf 88' lang='grc' dir='ltr'><em>ταῖς</em></span> 
     </span>
     <span class='ocr_line' id='line_1_7' title="bbox 82 518 1502 579; baseline -0.003 -12"><span class='ocrx_word' id='word_1_36' title='bbox 82 523 275 571; x_wconf 74' lang='grc' dir='ltr'><strong><em>ἀδικίαις</em></strong></span> <span class='ocrx_word' id='word_1_37' title='bbox 304 536 389 566; x_wconf 88' lang='grc' dir='ltr'><em>σου</em></span> <span class='ocrx_word' id='word_1_38' title='bbox 420 521 633 565; x_wconf 71' lang='grc' dir='ltr'><em>ἐναντίον</em></span> <span class='ocrx_word' id='word_1_39' title='bbox 663 521 793 577; x_wconf 73' lang='grc' dir='ltr'><em>ἐμοῦ,</em></span> <span class='ocrx_word' id='word_1_40' title='bbox 827 522 946 578; x_wconf 86' lang='grc' dir='ltr'><em>λέγει</em></span> <span class='ocrx_word' id='word_1_41' title='bbox 977 518 1179 579; x_wconf 83' lang='grc' dir='ltr'><em>κύριος.“</em></span> <span class='ocrx_word' id='word_1_42' title='bbox 1244 518 1374 564; x_wconf 75' lang='grc' dir='ltr'><em>Ἀλλά</em></span> <span class='ocrx_word' id='word_1_43' title='bbox 1410 519 1502 577; x_wconf 87' lang='grc' dir='ltr'><em>χρὴ</em></span> 
     </span>
     <span class='ocr_line' id='line_1_8' title="bbox 79 593 1503 656; baseline -0.003 -11"><span class='ocrx_word' id='word_1_44' title='bbox 79 601 261 654; x_wconf 76' lang='grc' dir='ltr'><em>εἰδέναι,</em></span> <span class='ocrx_word' id='word_1_45' title='bbox 294 596 354 648; x_wconf 82' lang='grc' dir='ltr'><em>ὦς</em></span> <span class='ocrx_word' id='word_1_46' title='bbox 384 597 406 642; x_wconf 84' lang='grc' dir='ltr'><em>ὃ</em></span> <span class='ocrx_word' id='word_1_47' title='bbox 438 596 574 656; x_wconf 87' lang='grc' dir='ltr'><em>λόγος</em></span> <span class='ocrx_word' id='word_1_48' title='bbox 594 599 753 641; x_wconf 81' lang='grc' dir='ltr'><em>πᾶσαν</em></span> <span class='ocrx_word' id='word_1_49' title='bbox 777 596 979 655; x_wconf 82' lang='grc' dir='ltr'><em>δύναμιν</em></span> <span class='ocrx_word' id='word_1_50' title='bbox 1008 599 1116 654; x_wconf 77' lang='grc' dir='ltr'><em>ἔχει·</em></span> <span class='ocrx_word' id='word_1_51' title='bbox 1151 596 1291 648; x_wconf 74' lang='grc' dir='ltr'><em>οὕτως</em></span> <span class='ocrx_word' id='word_1_52' title='bbox 1322 593 1503 654; x_wconf 84' lang='grc' dir='ltr'><em>ὃλόγος</em></span> 
     </span>
     <span class='ocr_line' id='line_1_9' title="bbox 78 672 1502 734; baseline -0.002 -13"><span class='ocrx_word' id='word_1_53' title='bbox 78 678 168 734; x_wconf 76' lang='grc' dir='ltr'><em>ἔχει</em></span> <span class='ocrx_word' id='word_1_54' title='bbox 198 673 370 725; x_wconf 83' lang='grc' dir='ltr'><em>παντὸς</em></span> <span class='ocrx_word' id='word_1_55' title='bbox 399 672 650 734; x_wconf 77' lang='grc' dir='ltr'><em>φαρμάκου</em></span> <span class='ocrx_word' id='word_1_56' title='bbox 681 673 899 733; x_wconf 78' lang='grc' dir='ltr'><em>δύναμιν,</em></span> <span class='ocrx_word' id='word_1_57' title='bbox 932 677 1010 718; x_wconf 82' lang='grc' dir='ltr'><em>καὶ</em></span> <span class='ocrx_word' id='word_1_58' title='bbox 1039 674 1211 726; x_wconf 83' lang='grc' dir='ltr'><em>παντὸς</em></span> <span class='ocrx_word' id='word_1_59' title='bbox 1238 677 1319 720; x_wconf 88' lang='grc' dir='ltr'><em>τοῦ</em></span> <span class='ocrx_word' id='word_1_60' title='bbox 1348 680 1502 719; x_wconf 77' lang='grc' dir='ltr'><em>καθα-</em></span> 
     </span>
     <span class='ocr_line' id='line_1_10' title="bbox 77 748 1504 814; baseline -0.003 -16"><span class='ocrx_word' id='word_1_61' title='bbox 77 758 275 814; x_wconf 85' lang='grc' dir='ltr'><em>ρίζοντος</em></span> <span class='ocrx_word' id='word_1_62' title='bbox 304 750 502 809; x_wconf 74' lang='grc' dir='ltr'><em>δύναμίς</em></span> <span class='ocrx_word' id='word_1_63' title='bbox 530 752 639 808; x_wconf 72' lang='grc' dir='ltr'><em>ἔστι,</em></span> <span class='ocrx_word' id='word_1_64' title='bbox 673 755 750 796; x_wconf 83' lang='grc' dir='ltr'><em>καὶ</em></span> <span class='ocrx_word' id='word_1_65' title='bbox 780 748 1168 809; x_wconf 80' lang='grc' dir='ltr'><em>σμηκτικώτατος·</em></span> <span class='ocrx_word' id='word_1_66' title='bbox 1200 754 1323 808; x_wconf 85' lang='grc' dir='ltr'><em>,,ζῶν</em></span> <span class='ocrx_word' id='word_1_67' title='bbox 1341 751 1384 807; x_wconf 83' lang='lat'><em>¹)</em></span> <span class='ocrx_word' id='word_1_68' title='bbox 1412 748 1504 809; x_wconf 72' lang='grc' dir='ltr'><em>γὰρ</em></span> 
     </span>
     <span class='ocr_line' id='line_1_11' title="bbox 78 826 1504 889; baseline -0.002 -15"><span class='ocrx_word' id='word_1_69' title='bbox 78 829 102 875; x_wconf 88' lang='grc' dir='ltr'><em>ό</em></span> <span class='ocrx_word' id='word_1_70' title='bbox 142 828 277 888; x_wconf 88' lang='grc' dir='ltr'><em>λόγος</em></span> <span class='ocrx_word' id='word_1_71' title='bbox 314 832 393 874; x_wconf 86' lang='grc' dir='ltr'><em>τοῦ</em></span> <span class='ocrx_word' id='word_1_72' title='bbox 424 832 563 884; x_wconf 76' lang='grc' dir='ltr'><em>θεοῦ,</em></span> <span class='ocrx_word' id='word_1_73' title='bbox 608 832 686 873; x_wconf 83' lang='grc' dir='ltr'><em>καὶ</em></span> <span class='ocrx_word' id='word_1_74' title='bbox 728 829 935 889; x_wconf 74' lang='grc' dir='ltr'><em>ἐνεργὴς,</em></span> <span class='ocrx_word' id='word_1_75' title='bbox 980 831 1058 872; x_wconf 82' lang='grc' dir='ltr'><em>καὶ</em></span> <span class='ocrx_word' id='word_1_76' title='bbox 1097 826 1351 887; x_wconf 79' lang='grc' dir='ltr'><em>τομώτερος</em></span> <span class='ocrx_word' id='word_1_77' title='bbox 1387 826 1504 888; x_wconf 81' lang='grc' dir='ltr'><em>ὑπὲρ</em></span> 
     </span>
     <span class='ocr_line' id='line_1_12' title="bbox 77 897 1506 967; baseline -0.002 -15"><span class='ocrx_word' id='word_1_78' title='bbox 77 911 234 952; x_wconf 80' lang='grc' dir='ltr'><em>πᾶσαν</em></span> <span class='ocrx_word' id='word_1_79' title='bbox 261 904 498 967; x_wconf 82' lang='grc' dir='ltr'><em>μάχαιραν</em></span> <span class='ocrx_word' id='word_1_80' title='bbox 526 908 798 962; x_wconf 76' lang='grc' dir='ltr'><em>δίστομον.“</em></span> <span class='ocrx_word' id='word_1_81' title='bbox 855 910 950 950; x_wconf 82' lang='grc' dir='ltr'><em>Καὶ</em></span> <span class='ocrx_word' id='word_1_82' title='bbox 980 902 1004 952; x_wconf 76' lang='grc' dir='ltr'>ὃ</span> <span class='ocrx_word' id='word_1_83' title='bbox 1037 905 1120 952; x_wconf 75' lang='grc' dir='ltr'><em>ἐὰν</em></span> <span class='ocrx_word' id='word_1_84' title='bbox 1149 910 1294 967; x_wconf 78' lang='grc' dir='ltr'><em>εἴπῃς,</em></span> <span class='ocrx_word' id='word_1_85' title='bbox 1327 897 1381 951; x_wconf 71' lang='grc' dir='ltr'><em>οὗ</em></span> <span class='ocrx_word' id='word_1_86' title='bbox 1410 907 1506 951; x_wconf 76' lang='grc' dir='ltr'><em>ἔστι</em></span> 
     </span>
     <span class='ocr_line' id='line_1_13' title="bbox 73 978 1505 1044; baseline -0.001 -16"><span class='ocrx_word' id='word_1_87' title='bbox 73 989 229 1043; x_wconf 83' lang='grc' dir='ltr'><em>χρεία,</em></span> <span class='ocrx_word' id='word_1_88' title='bbox 276 981 409 1028; x_wconf 84' lang='grc' dir='ltr'><em>τοῦτό</em></span> <span class='ocrx_word' id='word_1_89' title='bbox 451 984 576 1029; x_wconf 77' lang='grc' dir='ltr'><em>ἐστιν</em></span> <span class='ocrx_word' id='word_1_90' title='bbox 613 986 665 1029; x_wconf 78' lang='grc' dir='ltr'><em>ἐν</em></span> <span class='ocrx_word' id='word_1_91' title='bbox 707 986 757 1044; x_wconf 78' lang='grc' dir='ltr'><em>τῇ</em></span> <span class='ocrx_word' id='word_1_92' title='bbox 794 982 989 1039; x_wconf 76' lang='grc' dir='ltr'><em>δυνάμει</em></span> <span class='ocrx_word' id='word_1_93' title='bbox 1019 987 1097 1028; x_wconf 85' lang='grc' dir='ltr'><em>τοῦ</em></span> <span class='ocrx_word' id='word_1_94' title='bbox 1126 982 1286 1041; x_wconf 89' lang='grc' dir='ltr'><em>λόγου.</em></span> <span class='ocrx_word' id='word_1_95' title='bbox 1346 978 1505 1027; x_wconf 78' lang='grc' dir='ltr'><em>’Ἐστιν</em></span> 
     </span>
     <span class='ocr_line' id='line_1_14' title="bbox 80 1054 1506 1122; baseline -0.001 -16"><span class='ocrx_word' id='word_1_96' title='bbox 80 1054 163 1107; x_wconf 76' lang='grc' dir='ltr'><em>οὖν</em></span> <span class='ocrx_word' id='word_1_97' title='bbox 191 1078 256 1111; x_wconf 91' lang='grc' dir='ltr'><em>τις</em></span> <span class='ocrx_word' id='word_1_98' title='bbox 284 1059 420 1118; x_wconf 87' lang='grc' dir='ltr'><em>λόγος</em></span> <span class='ocrx_word' id='word_1_99' title='bbox 449 1065 618 1122; x_wconf 81' lang='grc' dir='ltr'><em>νίτρον,</em></span> <span class='ocrx_word' id='word_1_100' title='bbox 652 1063 730 1105; x_wconf 81' lang='grc' dir='ltr'><em>καὶ</em></span> <span class='ocrx_word' id='word_1_101' title='bbox 754 1061 846 1105; x_wconf 79' lang='grc' dir='ltr'><em>ἔστι</em></span> <span class='ocrx_word' id='word_1_102' title='bbox 867 1078 931 1111; x_wconf 79' lang='grc' dir='ltr'><em>τις</em></span> <span class='ocrx_word' id='word_1_103' title='bbox 951 1059 1087 1118; x_wconf 83' lang='grc' dir='ltr'><em>λόγος</em></span> <span class='ocrx_word' id='word_1_104' title='bbox 1109 1058 1219 1116; x_wconf 88' lang='grc' dir='ltr'><em>πόα,</em></span> <span class='ocrx_word' id='word_1_105' title='bbox 1253 1059 1373 1111; x_wconf 84' lang='grc' dir='ltr'><em>ὅστις</em></span> <span class='ocrx_word' id='word_1_106' title='bbox 1400 1059 1506 1111; x_wconf 82' lang='grc' dir='ltr'><em>τούς</em></span> 
     </span>
     <span class='ocr_line' id='line_1_15' title="bbox 77 1136 1502 1199; baseline -0.001 -16"><span class='ocrx_word' id='word_1_107' title='bbox 77 1137 308 1188; x_wconf 80' lang='grc' dir='ltr'><em>τοιούτους</em></span> <span class='ocrx_word' id='word_1_108' title='bbox 337 1136 507 1199; x_wconf 81' lang='grc' dir='ltr'><em>ῥύπους</em></span> <span class='ocrx_word' id='word_1_109' title='bbox 536 1144 749 1195; x_wconf 75' lang='grc' dir='ltr'><em>καθαίρει</em></span> <span class='ocrx_word' id='word_1_110' title='bbox 778 1141 1004 1193; x_wconf 74' lang='grc' dir='ltr'><em>λαληθείς.</em></span> <span class='ocrx_word' id='word_1_111' title='bbox 1071 1137 1257 1194; x_wconf 75' lang='grc' dir='ltr'><em>Ἐπειδὴ</em></span> <span class='ocrx_word' id='word_1_112' title='bbox 1299 1137 1391 1183; x_wconf 83' lang='grc' dir='ltr'><em>ἀπὸ</em></span> <span class='ocrx_word' id='word_1_113' title='bbox 1422 1140 1502 1183; x_wconf 88' lang='grc' dir='ltr'><em>τοῦ</em></span> 
     </span>
     <span class='ocr_line' id='line_1_16' title="bbox 78 1214 1506 1274; baseline -0.002 -12"><span class='ocrx_word' id='word_1_114' title='bbox 78 1214 284 1262; x_wconf 90' lang='grc' dir='ltr'><em>τοιούτου</em></span> <span class='ocrx_word' id='word_1_115' title='bbox 314 1214 471 1273; x_wconf 84' lang='grc' dir='ltr'><em>λόγου,</em></span> <span class='ocrx_word' id='word_1_116' title='bbox 508 1214 629 1265; x_wconf 87' lang='grc' dir='ltr'><em>ὅστις</em></span> <span class='ocrx_word' id='word_1_117' title='bbox 659 1215 756 1260; x_wconf 73' lang='grc' dir='ltr'><em>’ἐστὶ</em></span> <span class='ocrx_word' id='word_1_118' title='bbox 786 1219 962 1274; x_wconf 79' lang='grc' dir='ltr'><em>νίτρον,</em></span> <span class='ocrx_word' id='word_1_119' title='bbox 1006 1218 1085 1260; x_wconf 84' lang='grc' dir='ltr'><em>καὶ</em></span> <span class='ocrx_word' id='word_1_120' title='bbox 1114 1215 1206 1260; x_wconf 80' lang='grc' dir='ltr'><em>ἀπὸ</em></span> <span class='ocrx_word' id='word_1_121' title='bbox 1237 1218 1316 1259; x_wconf 85' lang='grc' dir='ltr'><em>τοῦ</em></span> <span class='ocrx_word' id='word_1_122' title='bbox 1349 1214 1506 1260; x_wconf 88' lang='grc' dir='ltr'><em>τοιού-</em></span> 
     </span>
     <span class='ocr_line' id='line_1_17' title="bbox 77 1289 1504 1353; baseline -0.001 -15"><span class='ocrx_word' id='word_1_123' title='bbox 77 1311 157 1340; x_wconf 88' lang='grc' dir='ltr'><em>του</em></span> <span class='ocrx_word' id='word_1_124' title='bbox 188 1295 238 1339; x_wconf 75' lang='grc' dir='ltr'><em>δὲ</em></span> <span class='ocrx_word' id='word_1_125' title='bbox 269 1291 436 1351; x_wconf 89' lang='grc' dir='ltr'><em>λόγου,</em></span> <span class='ocrx_word' id='word_1_126' title='bbox 476 1289 586 1348; x_wconf 69' lang='lat'><em>35²)</em></span> <span class='ocrx_word' id='word_1_127' title='bbox 618 1292 711 1336; x_wconf 76' lang='grc' dir='ltr'><em>ἔστι</em></span> <span class='ocrx_word' id='word_1_128' title='bbox 739 1290 848 1348; x_wconf 87' lang='grc' dir='ltr'><em>πόα,</em></span> <span class='ocrx_word' id='word_1_129' title='bbox 884 1293 937 1337; x_wconf 85' lang='grc' dir='ltr'><em>οὐ</em></span> <span class='ocrx_word' id='word_1_130' title='bbox 970 1296 1098 1337; x_wconf 76' lang='grc' dir='ltr'><em>πᾶσα</em></span> <span class='ocrx_word' id='word_1_131' title='bbox 1129 1291 1331 1350; x_wconf 79' lang='grc' dir='ltr'><em>ἁμαρτία</em></span> <span class='ocrx_word' id='word_1_132' title='bbox 1362 1298 1504 1353; x_wconf 76' lang='grc' dir='ltr'><em>θερα-</em></span> 
     </span>
     <span class='ocr_line' id='line_1_18' title="bbox 77 1366 1504 1428; baseline -0.004 -10"><span class='ocrx_word' id='word_1_133' title='bbox 77 1370 281 1418; x_wconf 86' lang='grc' dir='ltr'><em>πεύεται·</em></span> <span class='ocrx_word' id='word_1_134' title='bbox 328 1369 424 1414; x_wconf 71' lang='grc' dir='ltr'><em>ἀλλ’</em></span> <span class='ocrx_word' id='word_1_135' title='bbox 465 1370 589 1413; x_wconf 74' lang='grc' dir='ltr'><em>ἔστιν</em></span> <span class='ocrx_word' id='word_1_136' title='bbox 629 1367 959 1427; x_wconf 80' lang='grc' dir='ltr'><em>ἁμαρτήματα,</em></span> <span class='ocrx_word' id='word_1_137' title='bbox 1005 1370 1058 1414; x_wconf 83' lang='grc' dir='ltr'><em>οὐ</em></span> <span class='ocrx_word' id='word_1_138' title='bbox 1100 1366 1301 1427; x_wconf 79' lang='grc' dir='ltr'><em>δεόμενα</em></span> <span class='ocrx_word' id='word_1_139' title='bbox 1332 1373 1504 1428; x_wconf 84' lang='grc' dir='ltr'><em>νίτρου,</em></span> 
     </span>
     <span class='ocr_line' id='line_1_19' title="bbox 79 1443 1506 1505; baseline -0.003 -12"><span class='ocrx_word' id='word_1_140' title='bbox 79 1449 185 1493; x_wconf 73' lang='grc' dir='ltr'><em>οὐδὲ</em></span> <span class='ocrx_word' id='word_1_141' title='bbox 221 1446 354 1497; x_wconf 88' lang='grc' dir='ltr'><em>πόας.</em></span> <span class='ocrx_word' id='word_1_142' title='bbox 426 1449 627 1502; x_wconf 85' lang='grc' dir='ltr'><em>Λέγεται</em></span> <span class='ocrx_word' id='word_1_143' title='bbox 663 1446 780 1503; x_wconf 84' lang='grc' dir='ltr'><em>πρὸς</em></span> <span class='ocrx_word' id='word_1_144' title='bbox 821 1444 905 1501; x_wconf 84' lang='grc' dir='ltr'><em>τὴν</em></span> <span class='ocrx_word' id='word_1_145' title='bbox 945 1450 1163 1503; x_wconf 82' lang='grc' dir='ltr'><em>οἰομένην</em></span> <span class='ocrx_word' id='word_1_146' title='bbox 1202 1443 1506 1505; x_wconf 76' lang='grc' dir='ltr'><em>ἁμαρτήματα</em></span> 
     </span>
     <span class='ocr_line' id='line_1_20' title="bbox 79 1520 1504 1581; baseline -0.002 -12"><span class='ocrx_word' id='word_1_147' title='bbox 79 1526 220 1581; x_wconf 74' lang='grc' dir='ltr'><em>ἔχειν,</em></span> <span class='ocrx_word' id='word_1_148' title='bbox 274 1521 334 1572; x_wconf 79' lang='grc' dir='ltr'><em>ὡς</em></span> <span class='ocrx_word' id='word_1_149' title='bbox 371 1520 610 1581; x_wconf 76' lang='grc' dir='ltr'><em>δυνάμενα</em></span> <span class='ocrx_word' id='word_1_150' title='bbox 652 1521 980 1579; x_wconf 76' lang='grc' dir='ltr'><em>ἀποπλυθῆναι</em></span> <span class='ocrx_word' id='word_1_151' title='bbox 1020 1525 1071 1569; x_wconf 73' lang='grc' dir='ltr'><em>ἐν</em></span> <span class='ocrx_word' id='word_1_152' title='bbox 1110 1527 1247 1580; x_wconf 84' lang='grc' dir='ltr'><em>νίτρῳ</em></span> <span class='ocrx_word' id='word_1_153' title='bbox 1287 1525 1364 1567; x_wconf 83' lang='grc' dir='ltr'><em>καὶ</em></span> <span class='ocrx_word' id='word_1_154' title='bbox 1393 1521 1504 1581; x_wconf 76' lang='grc' dir='ltr'><em>πόα,</em></span> 
     </span>
     <span class='ocr_line' id='line_1_21' title="bbox 79 1598 1508 1662; baseline -0.001 -16"><span class='ocrx_word' id='word_1_155' title='bbox 79 1599 154 1646; x_wconf 84' lang='grc' dir='ltr'><em>τό·</em></span> <span class='ocrx_word' id='word_1_156' title='bbox 183 1599 364 1657; x_wconf 75' lang='grc' dir='ltr'><em>,,ἒὰν3)</em></span> <span class='ocrx_word' id='word_1_157' title='bbox 401 1598 643 1661; x_wconf 78' lang='grc' dir='ltr'><em>ἀποπλύνῃ</em></span> <span class='ocrx_word' id='word_1_158' title='bbox 687 1600 738 1644; x_wconf 72' lang='grc' dir='ltr'><em>ἐν</em></span> <span class='ocrx_word' id='word_1_159' title='bbox 767 1605 929 1660; x_wconf 80' lang='grc' dir='ltr'><em>νίτρῳ,</em></span> <span class='ocrx_word' id='word_1_160' title='bbox 973 1604 1051 1645; x_wconf 83' lang='grc' dir='ltr'><em>καὶ</em></span> <span class='ocrx_word' id='word_1_161' title='bbox 1081 1599 1313 1661; x_wconf 72' lang='grc' dir='ltr'><em>πληθύνῃς</em></span> <span class='ocrx_word' id='word_1_162' title='bbox 1342 1605 1508 1662; x_wconf 76' lang='grc' dir='ltr'><em>σεαυτῇ</em></span> 
     </span>
     <span class='ocr_line' id='line_1_22' title="bbox 78 1677 1505 1735; baseline -0.001 -12"><span class='ocrx_word' id='word_1_163' title='bbox 78 1677 224 1734; x_wconf 88' lang='grc' dir='ltr'><em>πόαν,</em></span> <span class='ocrx_word' id='word_1_164' title='bbox 256 1678 556 1731; x_wconf 74' lang='grc' dir='ltr'><em>κεκηλίδωσαι</em></span> <span class='ocrx_word' id='word_1_165' title='bbox 586 1677 798 1722; x_wconf 74' lang='grc' dir='ltr'><em>ἐναντίον</em></span> <span class='ocrx_word' id='word_1_166' title='bbox 827 1679 942 1735; x_wconf 70' lang='grc' dir='ltr'><em>ἐμοῦ</em></span> <span class='ocrx_word' id='word_1_167' title='bbox 972 1678 1024 1722; x_wconf 76' lang='grc' dir='ltr'><em>ἒν</em></span> <span class='ocrx_word' id='word_1_168' title='bbox 1053 1683 1148 1728; x_wconf 85' lang='grc' dir='ltr'><em>ταῖς</em></span> <span class='ocrx_word' id='word_1_169' title='bbox 1179 1677 1377 1728; x_wconf 77' lang='grc' dir='ltr'><em>ἀδικίαις</em></span> <span class='ocrx_word' id='word_1_170' title='bbox 1405 1691 1505 1733; x_wconf 81' lang='grc' dir='ltr'><em>σου,</em></span> 
     </span>
     <span class='ocr_line' id='line_1_23' title="bbox 80 1751 1505 1815; baseline 0 -16"><span class='ocrx_word' id='word_1_171' title='bbox 80 1759 202 1814; x_wconf 82' lang='grc' dir='ltr'><em>λέγει</em></span> <span class='ocrx_word' id='word_1_172' title='bbox 232 1752 439 1811; x_wconf 82' lang='grc' dir='ltr'><em>κύριος.“</em></span> <span class='ocrx_word' id='word_1_173' title='bbox 499 1756 594 1798; x_wconf 86' lang='grc' dir='ltr'><em>Καὶ</em></span> <span class='ocrx_word' id='word_1_174' title='bbox 622 1752 778 1815; x_wconf 82' lang='grc' dir='ltr'><em>ὥσπερ</em></span> <span class='ocrx_word' id='word_1_175' title='bbox 807 1757 900 1799; x_wconf 82' lang='grc' dir='ltr'><em>τῶν</em></span> <span class='ocrx_word' id='word_1_176' title='bbox 929 1753 1206 1815; x_wconf 75' lang='grc' dir='ltr'><em>τραυμάτων</em></span> <span class='ocrx_word' id='word_1_177' title='bbox 1234 1751 1336 1799; x_wconf 86' lang='grc' dir='ltr'><em>τινά</em></span> <span class='ocrx_word' id='word_1_178' title='bbox 1367 1755 1505 1811; x_wconf 74' lang='grc' dir='ltr'><em>ἔστιν,</em></span> 
     </span>
     <span class='ocr_line' id='line_1_24' title="bbox 79 1828 1507 1892; baseline 0.001 -15"><span class='ocrx_word' id='word_1_179' title='bbox 79 1830 109 1877; x_wconf 70' lang='grc' dir='ltr'><em>ἃ</em></span> <span class='ocrx_word' id='word_1_180' title='bbox 138 1831 410 1892; x_wconf 84' lang='grc' dir='ltr'><em>μαλάγματι</em></span> <span class='ocrx_word' id='word_1_181' title='bbox 437 1830 765 1892; x_wconf 77' lang='grc' dir='ltr'><em>θεραπεύεται,</em></span> <span class='ocrx_word' id='word_1_182' title='bbox 808 1834 886 1876; x_wconf 83' lang='grc' dir='ltr'><em>καὶ</em></span> <span class='ocrx_word' id='word_1_183' title='bbox 921 1828 1043 1875; x_wconf 72' lang='grc' dir='ltr'><em>ἄλλα</em></span> <span class='ocrx_word' id='word_1_184' title='bbox 1084 1832 1221 1890; x_wconf 72' lang='grc' dir='ltr'><em>ἐλαίῳ</em></span> <span class='ocrx_word' id='word_1_185' title='bbox 1250 1829 1507 1891; x_wconf 76' lang='grc' dir='ltr'><em>θεραπεύε-</em></span> 
     </span>
     <span class='ocr_line' id='line_1_25' title="bbox 80 1906 1503 1968; baseline 0 -14"><span class='ocrx_word' id='word_1_186' title='bbox 80 1927 167 1966; x_wconf 85' lang='grc' dir='ltr'><em>ται,</em></span> <span class='ocrx_word' id='word_1_187' title='bbox 202 1912 280 1954; x_wconf 83' lang='grc' dir='ltr'><em>καὶ</em></span> <span class='ocrx_word' id='word_1_188' title='bbox 309 1906 425 1953; x_wconf 77' lang='grc' dir='ltr'><em>ἄλλα</em></span> <span class='ocrx_word' id='word_1_189' title='bbox 454 1910 598 1954; x_wconf 78' lang='grc' dir='ltr'><em>δεῖται</em></span> <span class='ocrx_word' id='word_1_190' title='bbox 627 1911 934 1967; x_wconf 81' lang='grc' dir='ltr'><em>καταδέσμου,</em></span> <span class='ocrx_word' id='word_1_191' title='bbox 967 1911 1046 1954; x_wconf 86' lang='grc' dir='ltr'><em>καὶ</em></span> <span class='ocrx_word' id='word_1_192' title='bbox 1076 1909 1216 1960; x_wconf 79' lang='grc' dir='ltr'><em>οὕτως</em></span> <span class='ocrx_word' id='word_1_193' title='bbox 1247 1907 1503 1968; x_wconf 80' lang='grc' dir='ltr'><em>ὑγιάζεται·</em></span> 
     </span>
     <span class='ocr_line' id='line_1_26' title="bbox 80 1982 1508 2048; baseline 0 -16"><span class='ocrx_word' id='word_1_194' title='bbox 80 1984 192 2032; x_wconf 78' lang='grc' dir='ltr'><em>ἄλλα</em></span> <span class='ocrx_word' id='word_1_195' title='bbox 223 1989 280 2033; x_wconf 79' lang='grc' dir='ltr'><em>δέ</em></span> <span class='ocrx_word' id='word_1_196' title='bbox 304 1988 397 2032; x_wconf 73' lang='grc' dir='ltr'><em>ἐστι</em></span> <span class='ocrx_word' id='word_1_197' title='bbox 433 1984 697 2048; x_wconf 89' lang='grc' dir='ltr'><em>τραύματα,</em></span> <span class='ocrx_word' id='word_1_198' title='bbox 740 1986 812 2046; x_wconf 76' lang='grc' dir='ltr'><em>ἐφ’</em></span> <span class='ocrx_word' id='word_1_199' title='bbox 858 1982 924 2037; x_wconf 84' lang='grc' dir='ltr'><em>οἷς</em></span> <span class='ocrx_word' id='word_1_200' title='bbox 959 1989 1160 2044; x_wconf 74' lang='grc' dir='ltr'><em>λέγεται·</em></span> <span class='ocrx_word' id='word_1_201' title='bbox 1198 1984 1378 2044; x_wconf 59' lang='grc' dir='ltr'><em>,,ο’ὐκ*)</em></span> <span class='ocrx_word' id='word_1_202' title='bbox 1415 1988 1508 2032; x_wconf 79' lang='grc' dir='ltr'><em>ἔστι</em></span> 
     </span>
     <span class='ocr_line' id='line_1_27' title="bbox 80 2060 1505 2124; baseline -0.001 -14"><span class='ocrx_word' id='word_1_203' title='bbox 80 2063 304 2124; x_wconf 80' lang='grc' dir='ltr'><em>μάλαγμα</em></span> <span class='ocrx_word' id='word_1_204' title='bbox 343 2066 594 2120; x_wconf 72' lang='grc' dir='ltr'><em>ἐπιθεῖναι,</em></span> <span class='ocrx_word' id='word_1_205' title='bbox 643 2060 746 2109; x_wconf 74' lang='grc' dir='ltr'><em>οὔτε</em></span> <span class='ocrx_word' id='word_1_206' title='bbox 793 2065 974 2121; x_wconf 76' lang='grc' dir='ltr'><em>ἔλαιον,</em></span> <span class='ocrx_word' id='word_1_207' title='bbox 1024 2060 1127 2110; x_wconf 80' lang='grc' dir='ltr'><em>οὕτε</em></span> <span class='ocrx_word' id='word_1_208' title='bbox 1170 2065 1505 2122; x_wconf 76' lang='grc' dir='ltr'><em>καταδέσμους·</em></span> 
     </span>
     <span class='ocr_line' id='line_1_28' title="bbox 83 2140 1510 2202; baseline 0 -17"><span class='ocrx_word' id='word_1_209' title='bbox 83 2140 195 2186; x_wconf 83' lang='grc' dir='ltr'><em>ἀλλά</em></span> <span class='ocrx_word' id='word_1_210' title='bbox 224 2141 252 2198; x_wconf 83' lang='grc' dir='ltr'>ἡ</span> <span class='ocrx_word' id='word_1_211' title='bbox 284 2145 342 2200; x_wconf 87' lang='grc' dir='ltr'><em>γῆ</em></span> <span class='ocrx_word' id='word_1_212' title='bbox 373 2140 506 2199; x_wconf 82' lang='grc' dir='ltr'><em>ὑμῶν</em></span> <span class='ocrx_word' id='word_1_213' title='bbox 528 2143 707 2201; x_wconf 75' lang='grc' dir='ltr'><em>ἕρημος,</em></span> <span class='ocrx_word' id='word_1_214' title='bbox 742 2143 790 2185; x_wconf 77' lang='grc' dir='ltr'><em>αἱ</em></span> <span class='ocrx_word' id='word_1_215' title='bbox 809 2140 964 2192; x_wconf 84' lang='grc' dir='ltr'><em>πόλεις</em></span> <span class='ocrx_word' id='word_1_216' title='bbox 984 2140 1118 2200; x_wconf 79' lang='grc' dir='ltr'><em>ὑμῶν</em></span> <span class='ocrx_word' id='word_1_217' title='bbox 1136 2147 1462 2202; x_wconf 88' lang='grc' dir='ltr'><em>πυρίκαυστοι·</em></span> <span class='ocrx_word' id='word_1_218' title='bbox 1480 2145 1510 2167; x_wconf 85' lang='grc'><strong><em>“</em></strong></span> 
     </span>
     <span class='ocr_line' id='line_1_29' title="bbox 83 2215 1510 2281; baseline -0.001 -18"><span class='ocrx_word' id='word_1_219' title='bbox 83 2217 221 2269; x_wconf 77' lang='grc' dir='ltr'><em>οὕτως</em></span> <span class='ocrx_word' id='word_1_220' title='bbox 249 2220 348 2264; x_wconf 74' lang='grc' dir='ltr'><em>ἐστί</em></span> <span class='ocrx_word' id='word_1_221' title='bbox 372 2236 473 2264; x_wconf 88' lang='grc' dir='ltr'><em>τινα</em></span> <span class='ocrx_word' id='word_1_222' title='bbox 504 2217 832 2280; x_wconf 75' lang='grc' dir='ltr'><em>ἁμαρτήματα,</em></span> <span class='ocrx_word' id='word_1_223' title='bbox 865 2215 895 2263; x_wconf 69' lang='grc' dir='ltr'><em>ἃ</em></span> <span class='ocrx_word' id='word_1_224' title='bbox 927 2221 1070 2281; x_wconf 83' lang='grc' dir='ltr'><em>ῥυποῖ</em></span> <span class='ocrx_word' id='word_1_225' title='bbox 1095 2220 1178 2277; x_wconf 85' lang='grc' dir='ltr'><em>τὴν</em></span> <span class='ocrx_word' id='word_1_226' title='bbox 1208 2218 1387 2277; x_wconf 79' lang='grc' dir='ltr'><em>ψυχὴν,</em></span> <span class='ocrx_word' id='word_1_227' title='bbox 1432 2224 1510 2263; x_wconf 88' lang='grc' dir='ltr'><em>καὶ</em></span> 
     </span>
     <span class='ocr_line' id='line_1_30' title="bbox 82 2292 1508 2356; baseline -0.001 -15"><span class='ocrx_word' id='word_1_228' title='bbox 82 2298 226 2342; x_wconf 78' lang='grc' dir='ltr'><em>δεῖται</em></span> <span class='ocrx_word' id='word_1_229' title='bbox 267 2294 291 2341; x_wconf 86' lang='grc' dir='ltr'><em>ό</em></span> <span class='ocrx_word' id='word_1_230' title='bbox 331 2292 577 2355; x_wconf 77' lang='grc' dir='ltr'><em>ἅνθρωπος</em></span> <span class='ocrx_word' id='word_1_231' title='bbox 608 2298 686 2342; x_wconf 75' lang='grc' dir='ltr'><em>ἐπὶ</em></span> <span class='ocrx_word' id='word_1_232' title='bbox 714 2294 889 2347; x_wconf 89' lang='grc' dir='ltr'><em>τούτοις</em></span> <span class='ocrx_word' id='word_1_233' title='bbox 916 2301 1010 2346; x_wconf 90' lang='grc' dir='ltr'><em>τοῖς</em></span> <span class='ocrx_word' id='word_1_234' title='bbox 1040 2294 1337 2356; x_wconf 79' lang='grc' dir='ltr'><em>ἁμαρτήμασι</em></span> <span class='ocrx_word' id='word_1_235' title='bbox 1365 2294 1508 2353; x_wconf 89' lang='grc' dir='ltr'><em>λόγου</em></span> 
     </span>
     <span class='ocr_line' id='line_1_31' title="bbox 82 2369 1508 2434; baseline 0 -15"><span class='ocrx_word' id='word_1_236' title='bbox 82 2378 252 2431; x_wconf 87' lang='grc' dir='ltr'><em>νίτρου,</em></span> <span class='ocrx_word' id='word_1_237' title='bbox 284 2371 423 2431; x_wconf 86' lang='grc' dir='ltr'><em>λόγου</em></span> <span class='ocrx_word' id='word_1_238' title='bbox 452 2372 584 2424; x_wconf 83' lang='grc' dir='ltr'><em>πόας.</em></span> <span class='ocrx_word' id='word_1_239' title='bbox 633 2369 762 2418; x_wconf 77' lang='grc' dir='ltr'><em>’Ἐστι</em></span> <span class='ocrx_word' id='word_1_240' title='bbox 792 2375 846 2420; x_wconf 81' lang='grc' dir='ltr'><em>δέ</em></span> <span class='ocrx_word' id='word_1_241' title='bbox 871 2390 972 2419; x_wconf 80' lang='grc' dir='ltr'><em>τινα</em></span> <span class='ocrx_word' id='word_1_242' title='bbox 1002 2371 1333 2434; x_wconf 70' lang='grc' dir='ltr'><em>ἁμαρτήματα,</em></span> <span class='ocrx_word' id='word_1_243' title='bbox 1361 2370 1392 2417; x_wconf 71' lang='grc' dir='ltr'><em>ἴτ’</em></span> <span class='ocrx_word' id='word_1_244' title='bbox 1425 2373 1508 2432; x_wconf 83' lang='grc' dir='ltr'><em>οὐχ</em></span> 
     </span>
     <span class='ocr_line' id='line_1_32' title="bbox 83 2447 1505 2512; baseline 0.001 -17"><span class='ocrx_word' id='word_1_245' title='bbox 83 2449 225 2501; x_wconf 77' lang='grc' dir='ltr'><em>οὕτως</em></span> <span class='ocrx_word' id='word_1_246' title='bbox 269 2447 581 2507; x_wconf 76' lang='grc' dir='ltr'><em>θεραπεύεται.</em></span> <span class='ocrx_word' id='word_1_247' title='bbox 657 2450 779 2497; x_wconf 76' lang='grc' dir='ltr'><em>Οὐδὲ</em></span> <span class='ocrx_word' id='word_1_248' title='bbox 831 2449 924 2509; x_wconf 76' lang='grc' dir='ltr'><em>γὰρ</em></span> <span class='ocrx_word' id='word_1_249' title='bbox 974 2448 1103 2512; x_wconf 82' lang='grc' dir='ltr'><em>ῥύπῳ</em></span> <span class='ocrx_word' id='word_1_250' title='bbox 1150 2448 1505 2512; x_wconf 84' lang='grc' dir='ltr'><em>παραβάλλεται.</em></span> 
     </span>
     <span class='ocr_line' id='line_1_33' title="bbox 85 2525 1505 2590; baseline 0.001 -18"><span class='ocrx_word' id='word_1_251' title='bbox 85 2527 176 2572; x_wconf 76' lang='grc' dir='ltr'><em>Διά</em></span> <span class='ocrx_word' id='word_1_252' title='bbox 204 2530 338 2573; x_wconf 88' lang='grc' dir='ltr'><em>τοῦτο</em></span> <span class='ocrx_word' id='word_1_253' title='bbox 376 2525 456 2577; x_wconf 75' lang='grc' dir='ltr'><em>τὰς</em></span> <span class='ocrx_word' id='word_1_254' title='bbox 492 2527 721 2590; x_wconf 77' lang='grc' dir='ltr'><em>διαφορὰς</em></span> <span class='ocrx_word' id='word_1_255' title='bbox 761 2530 853 2574; x_wconf 85' lang='grc' dir='ltr'><em>τῶν</em></span> <span class='ocrx_word' id='word_1_256' title='bbox 882 2526 1224 2590; x_wconf 79' lang='grc' dir='ltr'><em>ἁμαρτημάτων</em></span> <span class='ocrx_word' id='word_1_257' title='bbox 1254 2527 1505 2585; x_wconf 71' lang='grc' dir='ltr'><em>ἐπιστάμε-</em></span> 
     </span>
    </p>
   </div>
   <div class='ocr_carea' id='block_1_4' title="bbox 90 2656 317 2662">
    <p class='ocr_par' dir='ltr' id='par_1_4' title="bbox 90 2656 317 2662">
     <span class='ocr_line' id='line_1_34' title="bbox 90 2656 317 2662; baseline 0 0"><span class='ocrx_word' id='word_1_258' title='bbox 90 2656 317 2662; x_wconf 95' lang='lat' dir='ltr'><em> </em></span> 
     </span>
    </p>
   </div>
   <div class='ocr_carea' id='block_1_5' title="bbox 203 2707 1442 2903">
    <p class='ocr_par' dir='ltr' id='par_1_5' title="bbox 203 2707 1442 2903">
     <span class='ocr_line' id='line_1_35' title="bbox 205 2707 608 2765; baseline 0 -16"><span class='ocrx_word' id='word_1_259' title='bbox 205 2710 246 2765; x_wconf 74' lang='grc' dir='ltr'><em>Ι)</em></span> <span class='ocrx_word' id='word_1_260' title='bbox 276 2709 406 2749; x_wconf 82' lang='lat' dir='ltr'><strong>Hebr.</strong></span> <span class='ocrx_word' id='word_1_261' title='bbox 439 2708 511 2759; x_wconf 82' lang='lat' dir='ltr'><em>lv,</em></span> <span class='ocrx_word' id='word_1_262' title='bbox 544 2707 608 2751; x_wconf 86' lang='lat'><em>12.</em></span> 
     </span>
     <span class='ocr_line' id='line_1_36' title="bbox 203 2776 1442 2835; baseline -0.002 -11"><span class='ocrx_word' id='word_1_263' title='bbox 203 2779 246 2834; x_wconf 74' lang='grc'><em>2)</em></span> <span class='ocrx_word' id='word_1_264' title='bbox 276 2778 357 2824; x_wconf 78' lang='lat' dir='ltr'><em>Ed.</em></span> <span class='ocrx_word' id='word_1_265' title='bbox 387 2779 437 2819; x_wconf 80' lang='lat' dir='ltr'><em>R.</em></span> <span class='ocrx_word' id='word_1_266' title='bbox 470 2779 583 2819; x_wconf 74' lang='lat' dir='ltr'>sola:</span> <span class='ocrx_word' id='word_1_267' title='bbox 616 2776 639 2822; x_wconf 85' lang='grc' dir='ltr'>ὅ</span> <span class='ocrx_word' id='word_1_268' title='bbox 673 2780 762 2823; x_wconf 73' lang='grc' dir='ltr'><em>ἐστι</em></span> <span class='ocrx_word' id='word_1_269' title='bbox 797 2777 903 2824; x_wconf 83' lang='grc' dir='ltr'><em>πόα.</em></span> <span class='ocrx_word' id='word_1_270' title='bbox 1025 2780 1067 2835; x_wconf 80' lang='lat'><em>³)</em></span> <span class='ocrx_word' id='word_1_271' title='bbox 1100 2781 1256 2821; x_wconf 79' lang='lat' dir='ltr'>Jerem.</span> <span class='ocrx_word' id='word_1_272' title='bbox 1290 2778 1343 2825; x_wconf 85' lang='grc' dir='ltr'><em>Π,</em></span> <span class='ocrx_word' id='word_1_273' title='bbox 1373 2778 1442 2821; x_wconf 75' lang='lat'><em>22.</em></span> 
     </span>
     <span class='ocr_line' id='line_1_37' title="bbox 205 2848 730 2903; baseline -0.002 -13"><span class='ocrx_word' id='word_1_274' title='bbox 205 2848 247 2903; x_wconf 71' lang='lat'><em>⁴)</em></span> <span class='ocrx_word' id='word_1_275' title='bbox 280 2848 366 2890; x_wconf 81' lang='lat' dir='ltr'><strong>Cfr.</strong></span> <span class='ocrx_word' id='word_1_276' title='bbox 397 2848 520 2890; x_wconf 76' lang='lat' dir='ltr'>Jesai.</span> <span class='ocrx_word' id='word_1_277' title='bbox 552 2849 584 2898; x_wconf 86' lang='lat' dir='ltr'><em>I,</em></span> <span class='ocrx_word' id='word_1_278' title='bbox 617 2848 655 2889; x_wconf 90' lang='grc'><em>6.</em></span> <span class='ocrx_word' id='word_1_279' title='bbox 692 2848 730 2890; x_wconf 87' lang='grc'><em>7.</em></span> 
     </span>
    </p>
   </div>
   <div class='ocr_carea' id='block_1_6' title="bbox 1132 2925 1197 2966">
    <p class='ocr_par' dir='ltr' id='par_1_6' title="bbox 1132 2925 1197 2966">
     <span class='ocr_line' id='line_1_38' title="bbox 1132 2925 1197 2966; baseline 0 -21"><span class='ocrx_word' id='word_1_280' title='bbox 1132 2925 1197 2966; x_wconf 56' lang='grc'><em>9,</em></span> 
     </span>
    </p>
   </div>
  </div>
 </body>
</html>
