1734 3112
638 111 837 153 HOMImA
868 109 925 151 X.
1413 112 1497 157 219

77 228 195 282 λέγει
234 227 322 268 τῶν
358 224 696 278 κολαζομένων·
757 218 1056 278 ,,ἆ’γνισον’)
1101 219 1192 278 γὰρ
1231 221 1392 272 αὐτοὺς
1439 229 1500 273 εἷς

78 302 278 361 ἡμέραν,
329 302 468 358 φησὶ,
509 302 693 358 σφαγῆς
729 299 929 344 αὐτῶν.“
999 296 1088 342 Διά
1135 301 1215 343 τοῦ
1260 304 1500 358 σφαγῆναι

78 377 238 428 αὐτοὺς
263 375 456 435 ἅγνισον
483 375 666 427 αὐτούς·
700 373 790 433 „Su
805 377 848 434 ²)
879 374 970 435 γὰρ
1001 376 1162 434 ἀγαπᾷ
1191 373 1357 435 κύριος,
1388 395 1501 422 παι-

77 454 218 502 δεύει·
249 460 471 513 μαστιγοῖ
496 455 548 499 δὲ
576 452 728 499 πάντα
757 453 860 498 υἱὸν
892 451 946 499 ὃν
974 455 1334 514 παραδέχεται.“

189 532 234 578 6.
273 530 471 588 ,ξἘως3)
502 530 612 578 πότε
641 530 863 586 πενθήσει
892 530 918 587 ἡ
949 534 1034 589 γῆ,
1073 534 1150 576 καὶ
1180 529 1203 575 ὁ
1229 528 1393 589 χόρτος
1421 535 1500 577 τοῦ

76 609 219 670 ἀγροῦ
251 608 584 667 ξηρανθήσεται
623 607 715 654 ἀπὸ
755 614 914 659 κακίας
953 611 1042 654 τῶν
1079 607 1414 656 κατοικούντων
1451 612 1503 655 ἐν

75 687 253 748 αὐτῇ,·“
301 684 477 743 ’Ὠσπερ
508 689 547 730 εἰ
578 683 791 743 ἐμψύχου
821 690 900 742 τῆς
927 689 1025 744 γῆς,
1056 689 1134 731 καὶ
1163 687 1364 732 ἐνταῦθα
1396 689 1503 733 δια-

74 767 251 821 λέγεται
289 761 312 808 ὁ
352 760 615 823 προφήτης,
654 766 803 822 λέγων
838 763 921 819 τὴν
957 766 1046 821 γῆν
1082 770 1276 810 πενθεῖν
1307 763 1384 809 διὰ
1421 764 1504 820 τὴν

74 846 238 886 κακίαν
265 844 356 885 τῶν
385 838 718 896 ἐπιβαινόντων
748 840 814 886 ἐπ’
850 839 1008 895 αὐτήν.
1054 841 1172 885 Καθ’
1196 841 1389 887 ἕκαστον
1420 834 1504 887 οὐν

74 918 208 976 ἡμῶν
236 916 262 973 ἦ
291 921 351 976 γῆ
382 915 480 975 ἤτοι
508 923 693 974 πενθεῖ,
737 914 764 972 ἧ
795 917 1114 977 εὐφραίνεται·
1155 916 1182 976 ἢ
1219 918 1310 978 γὰρ
1340 926 1507 967 πενθεῖ

77 994 168 1040 ἀπὸ
207 1000 366 1046 κακίας
395 999 487 1042 τῶν
525 992 831 1041 ἐνοικούντων
870 996 921 1040 ἐν
965 994 1100 1058 αὐτῇ,
1142 993 1169 1051 ἢ
1209 996 1505 1059 εὐφραίνεται

77 1071 169 1118 ἀπὸ
216 1071 532 1131 χρηστότητος.
603 1071 704 1132 Ἐφ’
752 1070 945 1119 ἑκάστου
996 1065 1080 1119 οὖν
1121 1072 1255 1134 ἡμῶν
1299 1074 1407 1121 αὐτὸ
1454 1075 1505 1121 τὸ

75 1155 301 1209 στοιχεῖον
330 1147 357 1206 ἢ
386 1150 695 1211 εὐφραίνεται,
730 1147 756 1205 ἢ
786 1156 962 1197 πενθεῖ.
1021 1153 1084 1195 Εἰ
1113 1153 1165 1197 δὲ
1203 1150 1228 1207 ἡ
1264 1155 1348 1212 γῆ,
1387 1152 1505 1213 τάχα

75 1230 153 1272 καὶ
180 1227 234 1273 τὰ
263 1226 402 1273 λοιπὰ
433 1233 643 1286 στοιχεῖα.
700 1225 890 1287 Ὁμοίως
920 1229 1035 1287 ἐρῶ·
1079 1231 1158 1274 καὶ
1188 1227 1337 1290 ὕδωρ,
1369 1234 1448 1275 καὶ
1480 1230 1504 1277 ὁ

77 1305 154 1350 ἐπὶ
194 1308 273 1350 τοῦ
314 1303 480 1356 ὕδατος
517 1307 791 1365 τεταγμένος
835 1301 1049 1364 ἅγγελος,
1098 1309 1175 1352 ἵνα
1216 1305 1507 1366 διηγήσωμαι

77 1386 155 1427 καὶ
183 1381 267 1439 τὴν
294 1386 387 1441 γῆν
414 1384 708 1428 πενθοῦσαν·
750 1381 803 1427 οὐ
831 1381 924 1442 γὰρ
953 1386 1087 1429 τοῦτο
1118 1382 1167 1429 τὸ
1199 1387 1357 1442 σῶμα,
1389 1384 1416 1442 ἦ
1445 1390 1506 1444 γῆ

77 1466 244 1506 πενθεῖ
270 1458 363 1504 ἀπὸ
392 1462 484 1505 τῶν
513 1458 848 1505 κατοικούντων
879 1461 929 1505 ἓν
960 1460 1097 1523 αὐτῇ,
1139 1459 1253 1505 ἀλλὰ
1292 1459 1388 1508 νόει
1422 1480 1505 1521 μοι

77 1535 191 1594 πρὸς
223 1540 271 1598 τῇ
303 1536 502 1589 διατάξει
538 1540 619 1583 τοῦ
649 1536 820 1588 παντὸς
856 1543 1137 1597 τεταγμένον
1177 1537 1277 1584 τινα
1308 1536 1509 1598 ἄγγελον

79 1615 157 1659 ἐπὶ
186 1617 261 1668 τῆς
298 1617 407 1672 γῆς,
448 1618 527 1659 καὶ
566 1612 707 1661 ἄλλον
744 1619 1024 1675 τεταγμένον
1064 1617 1142 1663 ἐπὶ
1180 1620 1273 1662 τῶν
1307 1615 1508 1675 ὑδάτων,

78 1693 156 1734 καὶ
185 1686 327 1736 ἄλλον
357 1693 434 1736 ἐπὶ
463 1695 543 1738 τοῦ
577 1693 730 1753 ἀέρος,
771 1698 849 1739 καὶ
887 1698 1102 1756 τέταρτον
1129 1695 1208 1740 ἐπὶ
1237 1697 1317 1739 τοῦ
1347 1694 1506 1757 πυρός.

80 1766 232 1818 Οὕτως
273 1766 424 1826 ἀνάβα
467 1789 548 1828 μοι
587 1775 649 1829 τῷ
696 1770 819 1831 λόγῳ
859 1772 938 1816 ἐπὶ
973 1770 1057 1826 τῆν
1098 1770 1307 1824 διάταξιν
1349 1776 1510 1819 πᾶσαν

80 1845 160 1902 τὴν
199 1847 250 1892 ἐν
290 1845 437 1905 ζώοις,
484 1848 566 1907 τὴν
603 1851 654 1895 ἐν
693 1854 876 1908 φυτοῖς,
925 1848 1008 1905 τὴν
1050 1850 1102 1895 ἐν
1145 1856 1238 1901 τοῖς
1279 1851 1507 1910 οὐρανοῖς,

80 1920 284 1982 ἄστροις,
325 1921 518 1985 ἄγγελός
545 1945 610 1978 τις
638 1931 862 1983 τέτακται,
904 1930 984 1972 καὶ
1013 1928 1092 1972 ἐπὶ
1120 1931 1201 1973 τοῦ
1231 1927 1390 1985 ἡλίου,
1431 1933 1511 1975 καὶ

79 2002 157 2048 ἐπὶ
184 2007 260 2059 τῆς
289 2002 498 2062 σελήνης,
541 2001 674 2056 ἄλλος
702 2008 780 2050 καὶ
819 2006 897 2050 ἐπὶ
934 2008 1025 2050 τῶν
1052 2001 1256 2067 ἄστρων·
1297 1999 1423 2054 οὗτοι
1452 2009 1509 2065 δὴ

82 2083 125 2126 οἱ
155 2078 343 2140 ἄγγελοι
369 2083 472 2142 μεθ’
508 2073 572 2127 ὧν
611 2083 778 2142 ἐσμεν,
822 2082 934 2129 ὅσον
972 2084 1114 2144 ἐσμὲν
1153 2087 1229 2131 ἐπὶ
1269 2088 1371 2143 γῆς,
1412 2083 1511 2141 ἢτοι

80 2160 420 2218 εὐφραίνονται,
453 2157 482 2215 ἢ
498 2165 753 2208 πενθοῦσιν
775 2162 846 2222 ἐφ’
866 2161 996 2221 ἡμῖν,
1021 2160 1131 2207 ὅταν
1150 2159 1506 2220 ἁμαρτάνωμεν.

81 2239 382 2296 ,,Πενθεῖ4),
429 2241 598 2297 φησὶν,
642 2238 666 2294 ἦ
707 2243 769 2299 γῆ
797 2239 905 2295 Σἀπὸ
943 2243 1034 2285 τῶν
1077 2238 1414 2286 κατοικούντων
1457 2242 1508 2286 ἐν

82 2317 240 2378 αὐτῇ.“
277 2314 553 2375 Ὀμωνύμως
574 2314 671 2363 εἶπε
696 2318 777 2363 τὸν
808 2314 1008 2377 ἄγγελον
1037 2317 1180 2377 τὴνὸ)
1210 2321 1300 2376 γῆν
1322 2318 1432 2379 αὐτῇ
1457 2321 1507 2381 τῇ

81 2398 152 2456 γῇ.
201 2391 376 2450 ’Ὠσπερ
398 2393 488 2451 γὰρ
519 2394 568 2440 τὸ
594 2402 916 2455 χειροποίητον
945 2394 1283 2456 ἒπικατὰρατον
1316 2394 1426 2441 αὐτὸ
1456 2395 1507 2441 τὸ

83 2469 283 2530 ἄψυχον,
320 2470 410 2515 ἀλλ’
445 2475 613 2529 εἴρηται
636 2480 962 2533 χειροποίητον
993 2474 1042 2520 τὸ
1072 2473 1507 2536 προσκαθεζόμενον

83 2553 143 2608 τῷ
184 2546 349 2607 ἀψύχῳ
389 2547 646 2609 ἀγάλματι,
686 2556 764 2597 καὶ
797 2556 1077 2614 χρηματίζον
1107 2553 1262 2611 ἐκείνῳ
1298 2556 1359 2611 τῷ
1394 2550 1506 2598 ὀνό-

204 2720 245 2776 1)
275 2720 432 2761 Jerem.
463 2719 570 2771 XII,
601 2720 639 2765 3.
759 2722 801 2777 ²)
832 2723 961 2766 Hebr.
990 2725 1098 2776 XII,
1129 2724 1169 2768 6.

198 2790 242 2846 ³)
271 2790 429 2832 Jerem.
457 2791 567 2842 XII,
595 2790 634 2834 4.
755 2790 796 2849 ⁴)
829 2794 918 2844 Cfr,
947 2795 1102 2839 Jerem.
1130 2795 1238 2845 XII,
1268 2793 1308 2838 4.

201 2862 244 2918 ⁵)
272 2860 406 2903 Deest
431 2858 586 2921 ,,τήν“
614 2859 659 2903 in
688 2862 754 2905 ed.
783 2863 834 2905 R.
