1734 3112
602 95 799 137 HommA
831 96 903 136 IV.
1386 100 1465 144 145

47 208 70 253 ὁ
103 206 422 261 οἰκοδεσπότης
452 206 578 256 τινας
611 206 804 265 ἠτίμασε
834 209 925 251 τῶν
956 210 1156 263 οἰκετῶν,
1188 211 1265 251 καὶ
1296 210 1372 254 διὰ
1394 219 1440 256 τί
1445 235 1460 268 ,-

44 282 363 340 Κατανοήσας,
405 286 444 328 εἰ
482 281 689 338 βούλεται
731 281 848 328 εἶναι
887 285 938 328 ἐν
976 287 1026 344 τῇ
1070 286 1192 341 οἲκία
1223 289 1300 330 τοῦ
1333 293 1461 333 οἷκο-

44 361 292 416 δεσπότου,
332 357 710 418 φυλάσσεσθαιῙ)
754 358 929 410 τούτοις
972 368 1256 419 περιπεσεῖν,
1307 362 1335 408 ἃ
1374 384 1459 411 πε-

43 444 240 493 ποίηκαν
268 440 312 481 οἱ
340 436 552 497 πρότεροι
583 439 763 493 δοῦλοι,
806 441 883 481 καὶ
912 437 1241 496 ἡμαρτηκότες,
1274 444 1352 484 καὶ
1383 443 1461 486 ἐκ-

40 519 325 573 βεβλημένοι,
368 518 445 558 καὶ
483 514 663 559 κολάσει
695 517 1081 575 παραδεδομένοι.
1139 514 1254 561 Εἶτα
1292 519 1460 576 μαθών

40 597 138 635 τίνα
177 589 484 646 πεποιήκασιν
499 594 541 649 2)
581 595 624 636 οἱ
652 590 865 650 πρότεροι
905 595 1064 638 δοῦλοι
1095 598 1171 637 καὶ
1209 594 1456 655 εὐδοκιμη-

39 666 180 723 κότες,
222 672 298 712 καὶ
337 670 414 713 ἐπὶ
450 675 675 718 ποταποῖς
713 671 970 726 ἐλευθερίας
1006 669 1297 729 τετυχήκασι,
1337 677 1461 729 ζηλοῖ

38 747 249 795 ἐκείνους.
280 750 373 789 Καὶ
402 747 531 803 ἡμεῖς
561 748 611 791 δὲ
644 746 727 791 οὐκ
753 740 870 803 ἦμεν
899 749 1056 792 δοῦλοι
1078 751 1158 792 τοῦ
1181 753 1308 806 θεοῦ,
1340 751 1456 795 ἀλλὰ

39 822 238 869 εἰδώλων
254 827 330 866 καὶ
348 823 599 882 δαιμόνων,
619 825 810 880 ἐθνικοὶ,
821 825 937 881 χθὲς
955 828 1031 867 καὶ
1053 825 1212 883 πρώην
1229 832 1456 886 προσελη-

36 898 242 957 λύθαμεν
270 903 332 957 τῷ
357 905 467 959 θεῷ,
501 900 891 959 ἀναγινώσκωμεν
905 902 947 959 ³)
978 901 1060 958 τὴν
1079 903 1284 962 γραφήν.
1316 903 1453 950 ’Ἰδω-

36 994 137 1036 μεν,
168 984 232 1027 τίς
263 977 524 1034 ἐδικαιώθη,
556 985 620 1029 τίς
653 976 976 1034 κατεδικάσθη,
1008 979 1325 1039 μιμησώμεθα
1352 984 1458 1035 τούς

6 1057 383 1112 ιδικαιωθέντας,
432 1055 778 1116 ([υλασσώμεθα
823 1063 1087 1117 περιπεσεῖν
1130 1057 1326 1117 τούτοις,
1390 1059 1455 1113 οἷς

36 1138 383 1193 περιπέπτωκαν
415 1137 458 1179 οἱ
488 1138 944 1192 αἰχμαλωτευθέντες,
980 1137 1024 1179 οἱ
1047 1135 1339 1192 ἐκβληθέντες
1359 1139 1450 1184 ἀπὸ

37 1214 114 1255 τοῦ
145 1214 270 1256 θεοῦ.

144 1288 182 1331 6.
226 1291 353 1344 ,,Καὶ
372 1289 414 1347 ⁴)
454 1289 535 1333 οὐκ
567 1289 779 1347 ἐφοβήθη
822 1288 847 1343 ἦ
890 1289 1142 1341 ιέσύνθετος
1166 1292 1332 1348 Ἰούδα,
1376 1299 1453 1338 καὶ

34 1365 282 1425 ἐπορεύθη,
331 1370 408 1409 καὶ
451 1364 727 1424 ἐπόρνευσεν
779 1369 856 1409 καὶ
882 1368 923 1423 ⁵)
984 1367 1155 1421 αύτή.“
1221 1370 1454 1428 Πρότερον

32 1442 366 1500 πορνεύσαντος
410 1444 488 1485 τοῦ
528 1440 728 1498 Ἰσραὴλ,
787 1443 1100 1499 πεπόρνευκεν
1141 1443 1332 1507 ὕστερον
1376 1453 1453 1493 καὶ

27 1518 190 1563 Ἰούδα.
233 1523 359 1575 ,,Καὶ
373 1520 417 1575 ⁶)
448 1519 623 1575 ἐγένετο
656 1522 717 1568 εἰς
748 1520 883 1564 οὐδὲν
913 1519 940 1575 ἤ
971 1527 1163 1577 πορνεία
1193 1523 1343 1580 αὐτῆς,
1376 1530 1452 1570 καὶ

32 1596 268 1653 ἐμοίχευσε
296 1595 346 1640 τὸ
378 1594 514 1646 ξύλον
543 1599 620 1639 καὶ
659 1595 739 1640 τὸν
767 1599 955 1641 λίθον.“
1003 1596 1142 1643 Ὅταν
1173 1598 1450 1658 ἁμαρτάνω-

30 1689 139 1732 μεν,
182 1673 319 1717 οὐδὲν
353 1670 461 1717 ἄλλο
500 1677 749 1731 ποιοῦμεν·
787 1677 863 1717 καὶ
899 1674 1185 1732 λιθοκάρδιοι
1214 1676 1453 1738 γινόμενοι

31 1747 309 1808 μοιχεύομεν
359 1750 439 1795 τὸν
487 1755 635 1795 λίθον.
700 1749 839 1794 Ὅταν
887 1751 1250 1811 ἁμαρτάνωμεν,
1310 1761 1388 1801 καὶ
1410 1760 1451 1816 ⁷)

32 1827 328 1885 πορνεύωμεν
386 1827 598 1872 ὑποκάτω
644 1827 817 1878 παντὸς
870 1828 1005 1879 ξύλου
1056 1830 1310 1890 ἀλσώδους,
1373 1841 1450 1880 καὶ

0 1903 159 1963 ,ἡμεῖς
194 1905 471 1965 μοιχεύομεν
507 1904 556 1949 τὸ
602 1904 749 1955 ξύλον.
817 1908 1012 1963 ,,Καὶ8)
1059 1907 1142 1954 οὐκ
1186 1911 1449 1972 ἐπεστράφη

0 1983 4 2023 ἶ
32 1982 143 2042 πρὸς
169 1984 228 2040 μὲ
258 1983 282 2038 ἦ
318 1983 565 2032 ἀσύνθετος
582 1981 730 2027 Ἰούδα
762 1984 809 2033 ἐξ
841 1982 944 2040 ὅλης
973 1988 1049 2039 τῆς
1078 1989 1267 2048 καρδίας
1297 1990 1447 2048 αὐτῆς,

147 2103 186 2159 ¹)
217 2104 267 2145 R.
297 2120 383 2144 non
412 2103 523 2144 male
552 2103 596 2144 in
626 2102 757 2144 notis:
790 2103 938 2156 „lege:
972 2103 1302 2161 φυλάσσεται.“

146 2173 189 2228 ²)
220 2174 274 2214 H.
308 2186 348 2215 et
377 2175 430 2215 R.
461 2173 504 2214 in
533 2185 670 2214 textu:
710 2178 1090 2243 ,,πεποιηκέναι,
1079 2177 1108 2199 “
1138 2176 1191 2218 H.
1223 2189 1364 2220 tamen
1394 2182 1446 2220 ad

32 2244 158 2280 marg.
151 2261 174 2278 .,
202 2229 253 2269 R.
284 2229 327 2270 ἱιι
355 2229 489 2271 notis:
521 2230 623 2283 „leg
602 2231 781 2271 nendum
812 2231 880 2271 vel
910 2229 1230 2289 πεποιήκασιν,
1254 2236 1330 2285 'vel
1360 2254 1445 2281 715-

7 2283 316 2340 ψποιηκότες.

148 2355 192 2411 ³)
222 2354 276 2396 H.
309 2367 349 2396 et
375 2357 427 2397 R.
456 2356 499 2396 in
529 2368 662 2398 textu:
704 2357 1185 2429 ,,ἀναγινώσκομεν,“
1224 2361 1276 2403 H.
1306 2374 1446 2406 tamen

10 2411 84 2451 ›ad
114 2427 264 2463 marg„
292 2411 343 2452 R.
374 2411 417 2451 in
445 2412 578 2454 notis:
620 2414 768 2468 „leget
803 2414 1209 2507 ἀναγινώσκωμεν
1215 2419 1244 2441 “

146 2480 188 2537 ⁴¹)
217 2481 373 2522 Jerem.
405 2481 488 2531 III,
516 2482 556 2525 8.

151 2551 192 2607 ⁵)
222 2550 349 2591 Huet.
377 2550 421 2590 in
441 2562 558 2591 textu
577 2553 771 2608 quidem:
803 2559 914 2612 ,,καὶ
945 2555 1107 2617 αυτῇ,“
1136 2558 1186 2597 ad
1216 2559 1445 2612 marginem

15 2621 152 2648 ’νει-οε
183 2607 339 2657 „scrib.
371 2610 447 2650 καὶ
477 2607 641 2663 αὐτή.“

148 2678 190 2734 ⁶)
221 2678 377 2719 Jerem.
408 2678 495 2728 III,
524 2677 563 2720 9

148 2747 190 2804 ⁷)
219 2749 269 2790 R.
301 2748 346 2788 in
373 2747 506 2789 notis:
548 2749 698 2801 „leget
730 2753 804 2794 καὶ
835 2751 1169 2810 πορνεύομενὲ(

147 2817 190 2874 8)
223 2817 309 2859 Cfr.
339 2819 494 2859 Jerem.
527 2819 616 2869 III,
648 2819 714 2865 10.

36 2891 253 2937 Ome-ems
276 2895 448 2938 OPERA.
494 2897 615 2938 Tom.
631 2897 724 2937 XV.
1093 2900 1145 2941 10
