1734 3112
235 119 290 164 34
532 118 753 160 OmGEms
782 127 828 158 m
858 116 1043 159 Cmrlc.
1076 116 1378 159 CAN-neonem

240 235 368 276 citare
399 248 515 283 eam,
553 242 703 287 utpote
735 231 869 272 adhue
901 230 1184 272 dormientem
1215 230 1329 286 apud
1369 245 1456 279 eas,
1503 227 1545 268 in
1576 239 1665 268 tan-

240 325 330 354 tum
362 312 528 353 elevent
559 326 672 361 eam,
711 310 809 365 ρι’)
842 309 883 348 in
926 319 1085 349 tantum
1126 308 1347 359 suscitent,
1387 307 1428 347 in
1463 318 1664 363 quantum

242 390 425 433 voluerit
455 405 654 446 sponsus,
699 403 776 428 nec
817 386 953 427 minus
984 385 1144 442 aliquid
1183 387 1227 427 in
1267 403 1314 427 ea
1352 397 1494 439 agant,
1542 400 1666 441 quam

242 470 435 511 voluntas
475 468 605 524 ipsius
637 466 805 521 patitur.
865 465 981 506 Haec
1022 476 1082 505 est
1128 464 1241 506 enim
1279 463 1452 506 amantis
1492 478 1667 520 sponsae

242 547 470 604 perfectio,
514 557 560 586 ut
591 561 613 585 a
644 544 764 584 nullo
799 543 901 583 velit
940 554 1084 584 contra
1125 541 1370 598 animum2)
1405 553 1445 583 et
1477 542 1670 583 volunta-

242 638 330 667 tem
361 626 448 683 ejus
491 624 605 674 fieri,
631 639 773 679 ·quem
814 620 964 674 diligit.
1023 620 1079 662 Et
1108 632 1155 662 ut
1185 620 1267 662 hoc
1296 637 1383 662 non
1413 620 1670 674 negligenter

243 715 314 746 aut
343 703 525 757 segniter
555 712 687 755 agant,
717 717 795 757 per
825 699 1000 740 virtutes
1031 698 1140 753 agri,
1173 698 1215 739 id
1249 710 1330 750 est,
1360 715 1438 755 per
1466 697 1671 755 plantaria

245 794 287 823 et
327 781 530 835 virgulta,
571 795 676 837 quae
716 778 760 819 in
790 794 889 831 agro
928 789 1047 828 sunt,
1088 788 1129 819 et
1169 794 1246 834 per
1285 776 1394 818 vires
1435 775 1545 835 ejus,
1583 775 1670 817 sine
1724 782 1734 787 ⁴

244 857 375 899 dubio
407 875 485 915 per
516 873 584 909 ea,
615 872 720 914 quae
751 856 794 897 in
825 872 875 897 eo
908 868 992 897 sata
1022 867 1130 907 sunt,
1160 855 1418 914 adjurantur.
1477 853 1575 896 Tali
1607 868 1673 894 or-

217 939 221 942 ’
247 937 371 988 dine,
402 936 562 993 talique
593 937 823 977 verborum
854 934 1166 991 compositione
1197 946 1333 976 textus
1363 932 1552 975 historici
1583 932 1675 974 dra-

246 1014 369 1057 matis
400 1014 662 1072 dirigitur3).
722 1016 844 1057 Nunc
879 1013 963 1071 jam
994 1012 1098 1070 quid
1126 1013 1267 1055 arcani
1296 1012 1545 1054 intrinsecus
1575 1027 1674 1053 con-

245 1105 372 1147 tegat,
400 1092 675 1150 requiramus.
736 1091 887 1135 Omnis
918 1091 1069 1142 anima,
1101 1091 1329 1149 praecipue
1362 1108 1466 1148 quae
1495 1090 1584 1132 filia
1614 1101 1677 1132 est

246 1171 539 1222 Hierusalem,
581 1171 707 1213 habet
738 1171 924 1228 aliquem
957 1186 1104 1224 agrum
1143 1170 1393 1227 proprium,
1435 1169 1507 1226 qui
1546 1168 1585 1210 ei
1614 1184 1676 1210 se-

249 1261 363 1291 creta
402 1249 583 1306 quadam
630 1266 708 1306 per
747 1250 893 1292 Jesum
933 1248 1187 1290 meritorum
1234 1261 1347 1290 sorte
1400 1248 1562 1289 delatus
1603 1257 1673 1288 est.

248 1327 370 1370 Sicut
407 1328 488 1368 fuit
528 1339 569 1368 et
608 1326 683 1368 ille
723 1343 820 1380 ager
848 1327 1006 1377 Jacob,
1047 1326 1164 1385 cujus
1202 1327 1406 1368 suavitate
1443 1337 1677 1383 permotus,

247 1407 362 1447 Isaac
393 1405 629 1462 patriarcha
659 1404 843 1464 mysticis
875 1404 1011 1447 aiebat
1054 1405 1258 1462 eloquiis:
1305 1438 1330 1457 „
1343 1422 1439 1446 ecce
1457 1405 1525 1460 ⁴²),
1567 1405 1677 1445 odor

248 1484 328 1525 filii
356 1484 444 1526 mei
471 1483 580 1525 sicut
619 1483 730 1524 odor
759 1482 845 1535 agri
882 1483 1024 1539 pleni,
1065 1484 1132 1525 cui
1169 1483 1384 1524 benedixit
1412 1483 1637 1525 Dominus.
1653 1487 1677 1507 “

248 1561 389 1604 Habet
422 1578 520 1616 ergo
550 1577 827 1618 unaquaeque
859 1561 1018 1614 anima,
1047 1573 1095 1603 ut
1126 1561 1328 1613 diximus,
1360 1577 1505 1615 agrum
1533 1577 1679 1613 suum;

250 1639 391 1696 vita⁵)
430 1657 612 1697 namque
644 1652 686 1681 et
718 1639 981 1682 conversatio
1021 1639 1107 1698 ejus
1139 1657 1236 1694 ager
1265 1650 1326 1682 est
1355 1638 1455 1697 ejus.
1515 1639 1566 1680 In
1596 1638 1678 1679 hoc

249 1735 349 1772 agro
387 1720 547 1769 anima,
596 1735 702 1774 quae
742 1718 920 1772 diligens
963 1730 1005 1760 et
1044 1718 1232 1760 studiosa
1270 1729 1352 1769 est,
1397 1717 1494 1759 satis
1524 1717 1607 1770 agit
1638 1727 1679 1757 et

250 1796 392 1838 studet
429 1795 620 1853 plantare
658 1797 797 1838 bonos
843 1813 1007 1848 sensus,
1053 1808 1095 1838 et
1135 1812 1280 1837 omnes
1321 1795 1513 1837 excolere
1550 1794 1679 1837 animi

251 1874 451 1926 virtutes,
495 1890 583 1915 non
621 1874 763 1915 solum
800 1886 942 1917 autem
979 1874 1109 1916 animi
1145 1874 1343 1926 virtutes,
1384 1874 1459 1916 sed
1499 1885 1541 1916 et
1571 1873 1678 1915 vires

253 1968 448 2010 operum,
479 1952 630 2010 quibus
661 1952 863 1995 videlicet
892 1952 1063 2009 impleri
1091 1964 1269 2010 possunt
1300 1951 1534 1994 ministeria
1560 1967 1680 1993 man-

254 2030 462 2074 datorum.
524 2031 601 2073 Est
632 2047 755 2084 ergo,
796 2042 844 2072 ut
883 2030 1084 2082 diximus,
1122 2030 1351 2087 unicuique
1390 2030 1552 2072 animus
1583 2046 1679 2071 suus

253 2123 371 2164 ager,
411 2126 537 2167 quem
577 2109 681 2151 colit
722 2120 763 2149 et
799 2109 983 2165 plantat,
1023 2121 1063 2151 et
1093 2108 1270 2150 seminat
1299 2109 1532 2151 secundum
1564 2108 1682 2160 haec,

253 2202 360 2245 quae
391 2187 583 2230 diximus.
641 2187 719 2228 Est
747 2198 890 2230 autem
922 2200 963 2230 et
993 2187 1184 2229 omnium
1214 2185 1341 2228 simul
1371 2186 1555 2228 filiarum
1579 2186 1681 2229 Hie-

255 2266 441 2308 rusalem
468 2283 574 2308 unus
606 2265 780 2323 quidam
810 2277 852 2308 et
892 2266 1128 2308 communis
1168 2281 1286 2320 ager,
1324 2266 1376 2306 de
1408 2281 1492 2322 quo
1522 2265 1679 2307 Paulus

254 2343 332 2386 ait:
365 2344 537 2403 „De'1⁶)
568 2344 820 2398 agricultura
852 2345 961 2389 estis.
975 2351 1000 2370 ‘⁴
1047 2344 1191 2400 Quem
1220 2359 1364 2397 agrum
1396 2358 1620 2385 commune
1635 2343 1679 2400 ⁷)

257 2421 506 2464 exercitium
534 2422 842 2465 ecclesiasticae
871 2422 973 2464 fidei
1004 2433 1045 2464 et
1065 2419 1394 2464 conversationis
1414 2420 1682 2478 accipiamus,

258 2497 303 2540 in
333 2515 419 2556 quo
451 2511 613 2541 certum
643 2510 706 2542 est
735 2500 908 2544 virtutes
947 2501 1083 2544 inesse
1122 2500 1350 2552 coelestes,
1390 2510 1432 2541 et
1461 2498 1568 2542 vires
1598 2497 1682 2556 5Ρί-

373 2667 415 2725 ¹)
444 2666 577 2710 Deest
607 2675 719 2721 ‚,et“
751 2669 794 2711 in
827 2671 920 2712 edd.
953 2669 1014 2713 M.
1122 2672 1168 2728 ²)
1199 2669 1309 2714 Edd.
1338 2670 1400 2714 M.
1430 2667 1680 2722 ‚‚animos.“

372 2736 416 2794 3)
446 2733 556 2780 Edd.
587 2738 649 2780 M.
681 2739 922 2795 „dirigatun
984 2742 1108 2783 Nunc
1139 2742 1279 2799 quid“
1310 2752 1387 2784 etc.

369 2807 413 2866 ¹¹)
446 2808 553 2852 Gen.
583 2807 767 2862 XXVII,
796 2810 865 2856 27.
988 2814 1030 2870 ⁵)
1065 2811 1146 2855 Ed.
1164 2814 1216 2855 R.
1248 2812 1334 2864 „ita
1362 2815 1571 2867 namque‘¹
1603 2820 1679 2851 etc.
1732 2868 1734 2874 Ι

371 2877 414 2934 ⁶)
445 2879 465 2919 Ι
484 2879 581 2922 Cor.
611 2879 690 2932 III,
720 2881 757 2925 9.
879 2882 923 2940 47)
952 2882 1063 2926 Edd.
1095 2883 1156 2927 M.
1188 2886 1548 2936 „communem.“
