1763 3112
652 99 850 140 HommA
878 96 991 138 XIV.
1441 96 1526 141 269

122 208 378 268 θησαυρούς
405 211 486 253 τοῦ
516 211 629 254 λαοῦ
660 209 836 255 ἐκείνου
864 207 1003 265 ἡμῖν·
1034 206 1275 264 πρῶτονῑ)
1305 207 1394 265 γὰρ
1410 208 1529 252 ἐκεῖ-

121 306 194 334 νοι
224 284 556 341 ἐπιστεύθησαν
583 284 638 331 τὰ
668 284 909 344 λόγιαλτοῦ
937 286 1074 328 θεοῦ·
1107 277 1202 327 εἶτα
1221 282 1312 339 μετ’
1333 283 1530 333 ἐκείνους

120 364 263 423 ἡμεῖς.
318 363 698 421 Ἐπιστεύθημεν,
731 362 965 420 ἀρθέντων
993 362 1085 404 τῶν
1112 362 1283 415 λογίων
1310 362 1390 403 τοῦ
1420 363 1530 405 θεοῦ

120 441 197 485 ἀπ’
232 442 430 496 ἐκείνων,
460 443 537 484 καὶ
566 442 799 484 δοθέντων
815 437 943 496 ἡμῖν.
987 440 1080 481 Καὶ
1094 440 1289 494 λέγομεν
1304 433 1380 479 τό·
1412 436 1531 492 „69—

120 515 365 574 fflffoswffl)
395 515 474 575 ἀφ’
507 514 639 573 ὑμῶν
662 514 686 570 ἦ
712 518 915 572 βασιλεία
935 517 1014 559 τοῦ
1032 517 1160 570 θεοῦ,
1189 516 1266 557 καὶ
1288 510 1532 567 δοθήσεται

121 594 246 638 ἔθνει
273 596 483 638 ποιοῦντι
510 592 615 643 τοῦς
641 591 841 652 καρποὺς
870 591 1067 646 αὐτῆς·“
1099 594 1306 648 εἷρῆσθαι
1330 588 1422 633 ὑπὸ
1451 593 1531 633 τοῦ

119 672 337 727 σωτῆρος,
371 673 448 713 καὶ
476 672 831 728 πεπληρῶσθαι·
862 668 945 725 οὐχ
976 667 1044 713 ὅτι
1070 664 1187 727 ἤρθη
1220 666 1295 711 ἀπ’
1328 666 1477 711 αὐτῶν
1505 664 1532 721 ἡ

119 744 302 805 γραφή·
357 745 469 790 ἀλλὰ
508 750 594 792 νῦν
634 746 779 790 οὐκέτι
821 747 975 803 ἔχουσι
1011 743 1091 789 τὸν
1129 743 1279 803 νόμον
1319 745 1395 787 καὶ
1431 741 1533 792 τούς

121 821 373 881 προφήτας,
405 826 484 868 τοῦ
514 823 577 883 μὴ
608 828 800 882 θεωρεῖν
826 821 907 867 τὸν
936 825 987 866 ἐν
1016 821 1167 871 αὐτοῖς
1183 823 1308 868 νοῦν.
1342 817 1529 877 ’Έχουσι

121 897 212 958 γαρ
240 898 294 942 τὰ
322 903 487 956 βιβλία.
541 899 671 944 Ἀλλὰ
706 903 804 949 πῶς
842 897 959 958 ἤρθη
987 897 1061 941 ἀπ’
1095 898 1245 941 αὐτῶν
1272 897 1298 952 ἡ
1330 900 1533 953 βασιλεία

121 977 202 1019 τοῦ
231 979 367 1031 θεοῦ,·
400 976 422 1021 ὁ
453 980 560 1027 νοῦς
587 981 678 1021 τῶν
705 978 902 1034 γραφῶν
928 969 1046 1034 ἤρθη
1078 974 1150 1018 ἀπ’
1185 974 1349 1019 αὐτῶν.
1411 974 1533 1018 Οὐκ-

121 1056 185 1096 έτι
223 1050 406 1105 σώζεται
443 1052 648 1111 διήγησις
681 1052 788 1113 παρ’
821 1051 972 1102 αὐτοῖς
1003 1050 1166 1108 νομικὴ
1199 1048 1226 1105 ἢ
1256 1049 1530 1110 προφητικῆ,

121 1128 215 1172 ἀλλ’
246 1133 363 1174 εῗσὶν
390 1129 794 1188 ἀναγινώσκοντες,
825 1132 902 1173 καὶ
929 1128 992 1188 μὴ
1024 1132 1256 1178 νοοῦντες·
1287 1125 1529 1186 πεπλήρω-

120 1223 194 1250 ται
221 1205 312 1266 γὰρ
342 1205 419 1251 διὰ
449 1206 533 1262 τήν
571 1210 771 1265 Χριστοῦ
811 1208 1061 1264 ἐπιδημίαν
1097 1204 1174 1250 τό·
1217 1202 1438 1261 ,,εἷπον3)
1471 1207 1533 1261 τῷ

122 1285 217 1340 λαῷ
258 1284 438 1341 ἐκείνῳ·
489 1283 600 1345 ἀκοῇ
640 1282 877 1338 ἀκούσετε,
925 1286 1002 1326 καὶ
1043 1282 1096 1326 οὐ
1135 1281 1199 1342 μὴ
1240 1282 1424 1336 συνῆτε·
1457 1282 1534 1324 καὶ

120 1363 362 1416 βλέποντες
396 1364 606 1417 βλέψετε,
652 1362 728 1404 καὶ
767 1360 820 1404 οὐ
847 1359 909 1416 μὴ
944 1362 1078 1415 ἴδητε.
1146 1358 1413 1416 Ἐπαχύνθη
1442 1357 1533 1417 γὰρ

808 1439 837 1460 “
894 1435 1194 1493 Πεπλήρωται
1223 1439 1299 1480 καὶ
1329 1435 1378 1480 τὸ
1410 1438 1534 1492 εἰρη-

123 1435 150 1492 ἡ
182 1439 347 1495 καρδία
376 1440 456 1481 τοῦ
485 1439 596 1481 λαοῦ
625 1434 801 1484 τούτου.

121 1517 266 1571 μένον
294 1512 384 1557 ὑπὸ
414 1515 492 1557 τοῦ
520 1513 729 1569 Ἡσαΐου,
776 1511 843 1558 ὅτι
873 1514 1124 1572 ,,ἀφελεῖ4)
1157 1511 1309 1571 κύριος
1338 1510 1430 1556 ἀπὸ
1459 1514 1538 1565 τῆς

119 1590 340 1641 Ἰουδαίας
374 1592 450 1634 καὶ
489 1589 580 1635 ἀπὸ
621 1594 695 1646 τῆς
721 1589 1014 1650 Ἰερουσαλὴμ
1042 1588 1257 1648 ἰσχύοντα
1298 1591 1374 1632 καὶ
1403 1586 1536 1646 ἰσχύ-

124 1683 294 1723 ουσαν,
341 1672 537 1725 γίγαντα
577 1671 653 1711 καὶ
681 1667 959 1725 πολεμιστὴν
998 1664 1269 1726 ἄνθρωπον,
1320 1663 1536 1718 δικαστὴν

124 1748 203 1788 καὶ
229 1742 490 1802 προφήτην,
522 1747 600 1788 καὶ
631 1743 906 1801 στοχαστῆν,
939 1747 1016 1787 καὶ
1045 1743 1198 1802 σοφὸν
1229 1743 1534 1799 ἀρχιτέκτονα,

124 1825 202 1865 καὶ
233 1820 422 1866 συνετὸν
450 1818 725 1879 ἆκροατήν.“
789 1825 942 1865 Ταῦτα
977 1819 1128 1864 πάντα
1159 1819 1348 1878 ἀφεῖλεν
1380 1818 1402 1863 ὁ
1432 1819 1539 1868 θεὸς

124 1898 199 1943 ἀπ’
233 1899 432 1954 ἐκείνων,
463 1901 540 1942 καὶ
568 1900 737 1943 ἔδωκεν
768 1897 1035 1955 εὐαγγέλιον
1062 1897 1175 1955 ἡμῖν
1202 1903 1295 1946 τοῖς
1325 1896 1416 1940 ἀπὸ
1447 1899 1539 1940 τῶν

126 1977 291 2021 ἐθνῶν.
356 1978 512 2019 Ταῦτα
542 1973 618 2019 διὰ
649 1974 722 2019 τό·
756 1976 926 2032 ,,καὶ5)
958 1973 1061 2025 τούς
1088 1972 1347 2033 θησαυρούς
1367 1989 1450 2018 σου
1479 1976 1540 2022 εἰς

125 2051 367 2113 προνομὴν
397 2049 552 2108 δώσω,
586 2050 884 2110 ἀντάλλαγμα
923 2050 998 2096 διὰ
1028 2052 1180 2102 πάσας
1208 2051 1286 2101 τας
1314 2050 1539 2111 ἁμαρτίας

1004 2131 1032 2153 “
1065 2127 1170 2174 ὡσεὶ
1200 2131 1323 2186 ἔλεγε
1355 2128 1431 2172 διὰ
1460 2126 1541 2178 τὰς

125 2143 233 2184 σου,
266 2133 343 2172 καὶ
373 2130 422 2172 ἓν
452 2132 565 2173 πᾶσι
594 2135 686 2179 τοῖς
716 2128 854 2189 ὁρίοις
883 2144 988 2173 σου·

129 2205 350 2265 ἁμαρτίας
380 2221 486 2262 σου,
531 2206 608 2256 τὰς
649 2208 724 2250 ἐπὶ
754 2207 903 2251 πάντα
935 2205 987 2250 τὰ
1020 2204 1122 2265 ὅριεὶ
1156 2222 1238 2251 σου
1268 2209 1536 2264 ἐφθακυίας.

129 2281 278 2326 Οὐδὲν
313 2282 404 2341 γὰρ
443 2281 572 2341 ὅριον
611 2285 786 2328 ἐκείνου
815 2287 894 2328 τοῦ
924 2287 1038 2328 λαοῦ
1070 2285 1212 2339 ἔστιν,
1264 2280 1286 2326 ὃ
1315 2280 1541 2341 ἁμαρτίας

131 2358 183 2403 οὐ
213 2357 514 2419 πεπλήρωται.
580 2364 670 2404 Καὶ
710 2364 806 2411 πῶς
834 2365 929 2405 πᾶν
959 2360 1085 2419 ὅριον
1115 2360 1263 2404 αὐτῶν
1294 2358 1374 2403 οὐκ
1403 2360 1539 2416 ἔμελ-

128 2438 207 2479 λεν
238 2434 458 2493 ἁμαρτίας
494 2440 779 2495 πληροῦσθαι
822 2438 887 2482 ἐπ’
922 2438 1096 2494 αὐτοῖς,
1127 2438 1177 2482 τό
1209 2437 1319 2483 ὅσον
1352 2436 1418 2481 ἐπ’
1454 2436 1536 2479 αὗ-

248 2616 288 2672 ¹)
319 2617 426 2658 Edd.
458 2616 512 2660 H.
545 2621 796 2674 ,,πρῶτοι.“
825 2644 881 2651 ——-
911 2621 997 2664 Cfr.
1028 2622 1153 2662 Rom.
1186 2620 1264 2670 ΙΙῘ,
1293 2618 1330 2660 2.

245 2686 288 2742 ²)
318 2687 466 2727 Matth.
498 2687 615 2737 XXI,
646 2688 712 2732 43.

247 2757 289 2812 ³)
319 2756 442 2798 Jesai.
472 2758 544 2807 VI,
576 2757 614 2800 9.
648 2758 712 2801 10.
745 2759 843 2802 coll.
874 2761 1024 2803 Matth.
1053 2761 1175 2809 XIII,
1207 2758 1270 2801 14.
1304 2758 1368 2800 15.

245 2824 288 2881 ⁴)
322 2825 408 2867 Cfr.
437 2826 560 2869 Jesai.
593 2829 670 2879 ΙΙΙ,
704 2830 740 2873 1.
769 2830 808 2874 2.
838 2829 878 2875 3.
996 2833 1038 2888 ⁵)
1071 2833 1227 2872 Jerem.
1258 2827 1352 2878 XV,
1382 2825 1447 2871 13·
