1734 3112
646 109 786 149 LmER
814 108 891 148 III.
1423 104 1477 149 33

57 223 257 278 intelligi:
303 221 500 280 quoniam
541 221 712 278 quidem
744 231 838 261 sunt
877 219 919 259 in
950 234 1001 259 eo
1034 216 1239 273 quaedam
1269 218 1479 271 dispensa-

55 302 193 343 tiones
223 314 316 343 ante
346 299 676 342 incarnationem
698 309 849 352 gestae,
881 307 974 338 sunt
1007 312 1105 336 vero
1135 295 1298 351 aliquae
1332 308 1373 337 et
1402 314 1478 352 per

56 379 397 421 incarnationem.
457 379 539 420 Illa
579 394 674 434 pars
713 374 830 417 verbi
858 373 966 425 Dei,
998 390 1102 430 quae
1134 384 1227 414 ante
1258 373 1477 414 assumtio-

53 473 150 499 nem
182 455 311 498 carnis
342 456 385 497 in
415 454 793 513 dispensationibus
823 463 991 510 peracta
1022 463 1105 502 est,
1137 452 1307 493 dextera
1336 463 1477 508 potest

53 534 206 576 videri:
238 535 339 575 haec
369 550 485 586 vero,
517 550 622 590 quae
650 549 728 589 per
757 530 1104 582 incarnationem,
1139 531 1301 572 sinistra
1331 532 1477 588 appel-

53 612 141 655 lari.
201 612 324 653 Unde
357 623 399 652 et
439 610 602 652 sinistra
642 609 807 651 divitias
847 621 888 650 et
918 608 1095 662 gloriam
1126 608 1278 650 habere
1309 609 1475 653 dicitur.

52 690 136 732 Per
162 689 491 731 incarnationem
530 705 711 745 namque
749 687 915 729 divitias
955 699 996 729 et
1035 687 1214 740 gloriam
1254 686 1474 743 quaesivit,

55 767 245 809 omnium
284 767 446 810 scilicet
482 767 672 809 salutem.
742 767 790 808 In
842 766 1011 807 dextera
1062 776 1202 807 autem
1250 763 1472 818 longitudo

53 844 164 887 vitae
202 861 289 888 esse
329 845 502 887 dicitur:
549 861 628 901 per
665 844 781 901 quod
820 843 908 885 sine
954 843 1084 885 dubio
1125 844 1199 884 illa
1239 842 1326 901 ejus
1364 859 1474 900 pars,

54 939 158 980 quae
190 923 234 965 in
263 923 474 981 principio
507 924 621 980 apud
649 923 792 964 Deum
820 923 937 965 Deus
968 934 1056 964 erat
1086 922 1283 972 verbum,
1322 921 1478 978 sempi-

54 1000 226 1044 ternitas
254 1001 475 1044 indicatur.
534 1002 653 1042 Hanc
685 1017 781 1055 ergo
811 1001 973 1042 laevam
1004 1000 1193 1052 ecclesia,
1222 998 1337 1058 cujus
1357 998 1477 1041 Chri-

56 1091 139 1121 stus
171 1091 232 1121 est
262 1091 400 1136 caput,
433 1091 550 1136 optat
580 1080 733 1121 habere
762 1080 839 1120 sub
871 1077 1006 1135 capite
1036 1095 1127 1131 suo,
1160 1089 1201 1120 et
1229 1077 1314 1119 fide
1343 1077 1473 1119 incar-

53 1157 234 1199 nationis
265 1157 351 1216 ejus
384 1168 509 1214 caput
547 1174 670 1199 suum
706 1156 883 1198 muniri:
931 1157 1100 1199 dextera
1140 1173 1240 1198 vero
1274 1154 1362 1214 ejus
1392 1171 1477 1197 am-

55 1234 200 1291 plecti,
228 1235 274 1276 id
307 1247 380 1286 est,
407 1234 486 1276 illa
515 1251 753 1288 agnoscere,
784 1247 825 1276 et
855 1236 907 1276 de
939 1235 1023 1277 illis
1052 1233 1216 1285 instrui,
1247 1249 1352 1291 quae
1384 1244 1478 1275 ante

56 1310 178 1370 hujus
223 1329 394 1370 quoque
419 1313 458 1370 ¹)
497 1330 575 1370 per
614 1313 945 1355 incarnationem
983 1325 1120 1367 gestae
1158 1311 1478 1368 dispensationis

57 1400 223 1447 tempus
262 1389 501 1433 in'arcanis
542 1391 750 1432 habentur
781 1403 821 1432 et
851 1390 1092 1432 reconditis.
1152 1390 1336 1431 Dextera
1362 1406 1479 1431 nam-

58 1484 139 1524 que
169 1468 230 1508 ibi
259 1469 445 1524 putanda
473 1480 569 1509 sunt
601 1485 687 1509 esse
721 1468 874 1519 omnia,
905 1467 980 1509 ubi
1009 1467 1114 1508 nihil
1135 1468 1186 1508 de
1204 1479 1478 1524 peccatorum

60 1545 264 1596 miseriis,
304 1545 409 1588 nihil
440 1546 490 1587 de
519 1545 754 1600 fragilitatis
797 1546 917 1603 lapsu
947 1545 1196 1588 continetur.
1256 1545 1338 1587 Hic
1378 1561 1479 1586 vero

64 1622 201 1675 laeva,
242 1623 316 1664 ubi
347 1624 519 1666 vulnera
546 1635 689 1666 nostra
720 1623 901 1672 curavit,
940 1635 982 1665 et
1007 1634 1180 1679 peccata
1210 1633 1351 1664 nostra
1382 1638 1482 1679 por-

61 1699 190 1751 tavit,
231 1702 364 1742 factus
404 1702 529 1743 etiam
570 1701 659 1758 ipse
698 1718 777 1758 pro
818 1699 940 1742 nobis
975 1711 1197 1757 peccatum
1235 1712 1276 1742 et
1305 1700 1484 1741 maledi-

65 1787 191 1820 ctum.
267 1777 388 1833 Quae
429 1778 570 1821 omnia
608 1778 796 1835 quamvis
840 1790 964 1835 caput
1003 1790 1043 1820 et
1082 1779 1210 1821 fidem
1251 1787 1485 1819 sustentent

8 1861 12 1868 '
67 1854 289 1908 ecclesiae,
330 1856 482 1899 merito
513 1869 655 1899 tamen
684 1856 848 1899 sinistra
878 1856 996 1898 verbi
1025 1856 1109 1898 Dei
1142 1856 1482 1913 appellabuntur.

65 1932 115 1973 In
148 1932 298 1989 quibus
329 1934 468 1992 aliqua
502 1935 628 1977 etiam
659 1947 827 1992 praeter
857 1934 975 1976 illam
1004 1946 1218 1986 naturam,
1261 1950 1365 1991 quae
1394 1944 1485 1974 tota

67 2009 234 2052 dextera
264 2024 337 2063 est,
369 2025 408 2054 ct
440 2025 529 2055 tota
560 2014 628 2055 lux
657 2014 765 2071 ac2)
794 2013 998 2070 splendor
1029 2025 1067 2055 et
1101 2011 1234 2067 gloria
1264 2010 1486 2069 pertulisse

67 2101 337 2131 memoratur.

180 2167 472 2226 ‚,A‹ljuravi³)
511 2186 607 2221 vos,
649 2169 759 2210 filiae
791 2169 1079 2219 Hierusalem,
1119 2168 1160 2209 in
1192 2164 1414 2209 virtutibus
1447 2175 1486 2207 et

70 2242 113 2283 in
145 2243 301 2286 viribus
332 2246 440 2299 agri,
478 2246 511 2288 si
529 2244 569 2304 4)
601 2248 837 2289 levaveritis
869 2259 909 2290 et
939 2245 1236 2290 suscitaveritis
1275 2247 1486 2285 caritatem

73 2321 345 2378 quoadusque
376 2324 526 2366 velit.“
585 2326 751 2382 Sponsa
788 2325 924 2368 adhuc
963 2326 1014 2367 ad
1055 2321 1388 2366 adolescentulas
1428 2321 1490 2361 lo-

75 2397 239 2453 quitur,
277 2415 512 2455 provocans
544 2418 610 2444 eas
648 2415 689 2444 et
722 2403 962 2453 exhortans,
1000 2403 1088 2444 imo
1121 2413 1161 2443 et
1192 2399 1383 2458 adjurans
1414 2413 1491 2454 per

74 2491 144 2526 ea,
175 2493 279 2533 quae
311 2477 359 2518 iis
390 2495 483 2521 cara
513 2496 599 2522 esse
630 2480 749 2522 novit
780 2495 822 2523 et
852 2480 1071 2531 amabilia,
1101 2492 1171 2530 ut,
1202 2479 1235 2520 si
1267 2480 1378 2520 forte
1408 2477 1491 2517 ele-

72 2567 167 2594 vare
199 2554 416 2610 coeperint
462 2557 699 2610 caritatem,
739 2558 945 2617 jacentem
977 2559 1135 2617 quippe
1167 2558 1209 2598 in
1241 2557 1312 2606 iis,
1354 2567 1394 2597 ct
1427 2571 1492 2594 ex-

194 2730 234 2787 ¹)
266 2731 375 2774 Edd.
409 2732 469 2773 M.
502 2747 706 2789 „quoque
738 2733 1071 2776 incarnationem
1105 2737 1251 2785 gesta“
1285 2743 1362 2772 etc.

190 2800 234 2858 2)
267 2801 376 2844 Edd.
408 2802 471 2844 Μ.
503 2814 581 2852 „et
609 2798 862 2859 splendor.“
984 2804 1027 2860 ³)
1061 2803 1218 2847 cantic.
1253 2801 1306 2853 ΙΙ,
1340 2798 1376 2841 7.

196 2870 240 2926 ⁴)
270 2871 379 2913 Edd.
410 2872 472 2913 M.
505 2872 574 2923 „si
607 2872 918 2916 elevaveritis.“

80 2945 298 2990 Omni—:ms
331 2949 499 2991 OPERA.
533 2949 651 2993 Tom.
677 2950 771 2992 XV.
1170 2952 1195 2990 3
