1763 3112
628 74 825 116 Homzm
853 72 952 115 XII.
1425 79 1512 125 245

97 188 228 246 ἡμῶν
257 187 410 241 δόξαν,
442 185 532 229 ἀλλ’
568 186 618 229 ἐν
647 183 879 244 πράξεσι-ν.
937 183 984 228 Ὁ
1013 181 1170 233 διδοὺς
1199 183 1339 235 δόξαν
1367 193 1508 248 κυρίῳ

97 268 159 322 τῷ
200 267 318 320 θεῷ,
364 263 525 306 δίδωσι
563 261 705 313 δόξαν
743 261 865 318 αὐτῷ
905 261 955 305 ἐν
993 259 1270 322 σωφροσύνῃ
1309 263 1510 317 δοξάζων

96 340 176 385 τὸν
204 340 315 385 θεὸν
344 340 394 383 ἐν
424 336 711 400 δικαιοσύνῃ,
744 338 795 382 ἐν
824 338 1003 395 εὐποιΐᾳ
1033 336 1235 389 δοξάζων
1262 337 1344 383 τὸν
1370 338 1506 385 θεόν·

95 417 172 466 δός
202 416 340 466 δόξαν
368 416 428 471 τῷ
463 417 556 471 θεῷ
585 415 635 458 ἓν
664 414 851 471 ἀνδρείᾳ
880 417 958 458 καὶ
987 412 1212 476 ὑπομονῇ.
1250 414 1344 465 Δὸς
1365 414 1509 467 δόξαν

93 497 155 551 τῷ
184 495 277 548 θεῷ
308 493 357 536 ἒν
387 490 565 547 εὐποιία
597 495 674 535 καὶ
705 490 922 547 ὁσιότητι,
963 494 1040 534 καὶ
1068 498 1164 541 ταῖς
1191 496 1370 543 λοιπαῖς
1399 493 1508 555 ἀρε-

93 575 200 618 ταῖς.
259 573 320 619 ,Εἰ
359 569 408 611 δὲ
451 571 586 611 ταῦτα
622 565 760 617 οὕτως
799 569 1036 625 ἕχει,-καὶ
1076 568 1191 613 οὕτω
1232 569 1405 622 δοξάζει
1442 588 1506 622 τις

91 648 169 690 τὸν
196 644 321 700 θεὸν,
355 644 434 688 ἐὰν
464 649 574 689 εἴπω
605 643 659 687 τὰ
692 646 889 701 ἐναντία,
919 644 986 704 μὴ
1021 643 1181 701 δόξητέ
1205 664 1264 702 με
1291 651 1505 706 βλασφηψ

87 728 219 780 μεῖν·
264 721 470 779 μάρτυρα
511 720 599 778 γὰρ
630 720 904 780 παραστήσω
936 723 1153 767 κάκείνου
1191 723 1274 778 τὴν
1301 722 1504 782 γραφήν.

81 798 130 844 Ὁ
162 797 362 856 σώφρων
392 796 564 850 δοξάζει
592 797 672 843 τὸν
701 797 836 855 θεὸν,
877 798 900 844 ὀ
932 799 1274 844 ἀκολασταίνων
1303 799 1505 861 ἀτιμάζει

85 876 164 921 τὸν
193 874 317 920 θεόν.
363 874 455 920 Τὸν
483 874 573 935 γὰρ
604 873 718 920 ναὸν
744 879 822 920 τοῦ
853 877 964 920 θεοῦ
995 874 1054 926 ὦς
1075 876 1502 940 Ναβουχοδονόσωρ

83 958 398 1010 καταστρέφει,
431 956 507 995 καὶ
543 957 722 1009 φθείρει
751 951 832 996 τὸν
861 951 977 997 ναὸν
1004 956 1082 996 τοῦ
1111 957 1239 998 θεοῦ.
1297 959 1391 999 Καὶ
1421 951 1498 1001 διά

82 1034 158 1086 τῆς
186 1028 484 1086 παραβάσεως
513 1032 591 1072 τοῦ
621 1027 766 1086 νόμου
797 1027 877 1073 τὸν
915 1028 1026 1073 θεὸν
1056 1028 1256 1086 ἀτιμάζει
1277 1032 1343 1086 ¹)·
1386 1035 1502 1084 λέξις

81 1109 175 1152 ἐστὶ
205 1112 280 1150 καὶ
311 1105 419 1160 αὕτη
452 1103 741 1161 ἀποστολική.
806 1106 986 1151 Οὐκοῦν
1015 1107 1206 1157 ἀδοξίαν
1245 1114 1502 1165 περιτίθησι

79 1189 142 1242 τῷ
173 1187 265 1241 θεῷ
303 1182 324 1228 ὁ
358 1180 636 1242 ἁμαρτωλός.
695 1185 787 1226 Καὶ
801 1184 843 1240 ²)
881 1183 935 1227 τά
968 1187 1073 1240 περὶ
1109 1190 1328 1241 προνοίας
1359 1190 1501 1241 ζητεῖ-

79 1279 175 1317 ται,
229 1259 286 1310 ὥς
331 1277 452 1310 τινας
495 1258 739 1315 διστάζειν,
802 1263 840 1305 εἰ
884 1262 976 1304 ἔστι
1023 1260 1243 1317 πρόνοια·
1302 1261 1499 1319 πρόνοια

79 1339 135 1383 δι’
156 1338 291 1382 οὐδὲν
322 1334 453 1392 ἄλλο,
487 1335 544 1385 ὠς
575 1335 651 1380 διὰ
682 1334 764 1390 τὴν
794 1341 972 1379 κακίαν.
1010 1333 1164 1383 ’Ἀνελε
1194 1337 1275 1393 τὴν
1308 1345 1492 1397 κακίαν,

79 1418 157 1458 καὶ
189 1414 239 1458 οὐ
266 1412 564 1471 προσκόπτεις
593 1416 642 1473 τῇ
673 1413 893 1470 προνοΐᾳ·
928 1409 1020 1457 ἄνω
1051 1415 1100 1459 δὲ
1125 1413 1244 1459 κάτω
1277 1418 1320 1459 οἱ
1348 1432 1498 1475 προσ-

77 1489 319 1539 κόπτοντες
348 1493 397 1550 τῇ
428 1490 648 1549 προνοῖζι,
687 1494 826 1534 ταῦτα
857 1494 1066 1549 λέγουσι·
1112 1490 1189 1535 διὰ
1220 1497 1268 1535 τί
1291 1497 1498 1539 τοσοῦτοι

76 1571 255 1626 μοιχοὶ,
296 1570 372 1610 καὶ
404 1571 607 1612 τοσοῦτοι
638 1570 863 1625 μαλακοί,·
922 1566 1012 1611 Διά
1042 1573 1088 1612 τί
1112 1572 1319 1613 τοσοῦτοι
1348 1566 1496 1629 ἄθεοι,

77 1647 154 1689 καὶ
194 1648 398 1688 τοσοῦτοι
441 1644 634 1699 ἀσεβεῖς;
692 1650 790 1688 Καί
828 1647 944 1689 εἰσιν
991 1647 1035 1688 οἱ
1077 1644 1375 1702 γεννήσαντες
1414 1647 1497 1704 τὴν

76 1722 267 1772 ἀδοξίαν
309 1725 359 1782 τῇ
396 1721 611 1779 προνοΐα,
659 1719 714 1765 τὰ
751 1719 1087 1781 προσκόμματα
1135 1726 1196 1779 τῷ
1242 1726 1362 1780 θεῷ,
1410 1724 1496 1780 τὴν

74 1803 372 1858 βλασφημίαν
397 1800 458 1855 τῷ
474 1799 517 1855 ³)
546 1803 747 1842 κτίσαντι
765 1796 845 1842 τὸν
870 1797 1047 1855 κόσμον
1066 1800 1111 1843 οἱ
1134 1797 1494 1859 ἁμαρτάνοντες·

73 1874 258 1920 διδόασι
291 1876 339 1919 δὲ
371 1874 509 1925 δόξαν
540 1878 601 1932 τῷ
638 1878 756 1932 θεῷ,
799 1876 842 1919 οἱ
881 1873 935 1918 τὰ
975 1875 1159 1919 ἐναντία
1188 1879 1238 1938 τῇ
1276 1876 1385 1940 δόξῃ
1413 1882 1495 1925 τοῦ

74 1956 185 1998 θεοῦ
215 1954 450 2001 ποιοῦντες
480 1950 555 1996 διὰ
586 1954 677 1996 τῶν
703 1950 1061 2010 ἁμαρτημάτων.

187 2030 254 2074 12.
296 2026 455 2085 ,,Δὸτε
471 2028 514 2085 ⁴)
554 2026 695 2079 δόξαν
732 2033 873 2088 κυρίῳ
902 2032 964 2086 τῷ
996 2032 1090 2087 θεῷ
1119 2029 1252 2090 ὑμῶν
1291 2031 1382 2093 πρὸ
1410 2038 1493 2079 τοῦ

193 2236 235 2291 ¹)
266 2237 354 2279 Cfr.
382 2237 508 2280 Rom.
541 2238 605 2289 II,
633 2237 700 2283 23.

186 2305 229 2359 2)
259 2306 314 2347 H.
345 2319 387 2348 et
413 2309 465 2350 R.
494 2323 581 2349 non
605 2309 717 2350 male
746 2308 790 2350 in
817 2308 949 2351 notis:
980 2309 1118 2360 „haec
1148 2324 1197 2351 ex
1225 2308 1490 2370 Hieronymo

74 2375 132 2415 ita
160 2374 413 2418 restituenda
441 2389 559 2419 sunt:
601 2383 694 2422 Καὶ
724 2379 779 2424 τὰ
808 2382 913 2437 περὶ
941 2384 1162 2437 προνοίας
1191 2382 1398 2437 ζητεῖται,
1430 2379 1491 2432 ὥς

74 2461 197 2493 τινας
227 2444 462 2501 διστάζειν,
495 2450 534 2490 εἰ
562 2449 653 2492 ἔστι
683 2448 894 2507 πρόνοια,
925 2450 980 2494 δι’
1016 2450 1150 2495 οὐδὲν
1183 2444 1292 2493 ἄλλο
1323 2447 1383 2500 ὠς
1412 2450 1489 2495 διὰ

72 2513 153 2568 τὴν
183 2520 360 2558 κακίαν.
409 2511 565 2560 ’Ἀνελε
595 2517 676 2572 τὴν
705 2524 885 2575 κακίαν,
918 2522 995 2563 καὶ
1028 2519 1080 2564 οὐ
1110 2516 1410 2577 προσκόπτεις
1438 2524 1490 2582 τῇ

72 2590 268 2641 προνοίᾳ
301 2581 394 2628 ι’ἱνω
427 2587 503 2628 καὶ
532 2583 668 2631 κάτω.
731 2592 787 2634 Οἱ
816 2589 1181 2648 προσκόπτοντες
1209 2592 1259 2650 τῇ
1272 2596 1298 2615 “
1327 2594 1420 2634 κτλ.

187 2655 229 2710 ³)
260 2654 438 2696 Edd.H.
456 2656 587 2697 male:
620 2660 717 2714 ,,τῷ
732 2663 958 2704 κτίσαντι·
991 2663 1052 2716 τῷ
1078 2658 1234 2716 κόσμῳ
1259 2662 1304 2703 οἱ
1333 2658 1484 2721 ἀμαρ-

73 2722 282 2774 τάνοντες
311 2722 528 2768 διδόασι.“
558 2729 652 2770 κτλ.

189 2794 230 2846 ⁴)
261 2794 416 2836 Jerem.
447 2795 579 2846 XIII,
613 2795 677 2840 16.
