1734 3112
232 107 287 150 22
529 106 750 145 OnffiEMs
783 117 826 145 ιΝ
859 104 1026 146 CANTIC
1075 105 1379 148 crim-monum

239 218 425 276 plurima
457 235 505 259 ex
537 229 655 274 parte
689 218 943 268 custodiens,
975 218 1017 259 in
1048 219 1258 276 aliquibus
1277 232 1416 261 tamen
1448 236 1600 271 errans,
1627 234 1669 262 ut

242 298 387 339 homo.
448 298 524 338 Est
555 296 682 346 alius,
726 296 797 352 qui
831 296 1024 337 inimicus
1056 296 1228 352 quidem
1259 298 1312 339 sit
1344 311 1383 340 et
1419 298 1507 355 ipse
1538 299 1673 347 nobis,

242 387 382 417 tamen
422 375 474 416 sit
513 391 612 416 suae
653 375 761 416 vitae
802 387 925 431 atque
965 375 1128 415 animae
1171 375 1384 427 inimicus,
1424 388 1592 433 paratus
1621 377 1675 417 ad

242 454 421 504 scelera,
462 469 665 510 praeceps
707 454 758 493 ad
798 451 975 505 flagitia,
1017 452 1120 493 nihil
1164 454 1314 505 sancti,
1352 454 1457 496 nihil
1487 450 1675 508 religiosi

244 533 427 582 ducens,
458 547 542 573 non
575 531 651 573 tibi
684 531 853 572 videtur
884 528 1010 570 etiam
1040 530 1151 571 inter
1181 529 1295 586 ipsos
1325 531 1520 574 inimicos
1552 549 1677 590 quae-

243 610 339 651 dam
372 609 587 651 diversitas
617 609 808 651 habenda
840 606 1051 650 caritatis?
1109 607 1221 649 Puto
1254 608 1449 666 quidem,
1481 611 1595 667 quod
1629 628 1676 651 ex

242 687 306 729 his
335 688 431 729 satis
461 687 658 744 patuerit,
691 702 779 728 esse
802 686 841 742 ¹)
875 684 959 725 vim
992 685 1164 742 quidem
1197 686 1377 728 caritatis
1396 704 1538 739 unam,
1568 689 1678 729 mul-

243 778 303 807 tas
333 777 474 807 tamen
505 766 659 807 habere
691 781 851 815 causas,
893 776 934 805 et
971 765 1130 806 multos
1162 764 1331 806 ordines
1370 765 1596 819 diligendi,
1637 779 1679 809 et

247 855 426 901 propter
465 845 547 885 hoc
588 838 708 884 nunc⁴
741 843 882 884 dicere
921 858 1142 898 sponsam:
1199 843 1486 897 ‚‚ordinate²)
1528 846 1570 886 in
1609 861 1678 887 me

252 922 527 964 εειΓίῖτιῑεῐηῑιι
558 923 641 963 hoe
674 932 747 971 est,
781 921 931 961 docete
962 937 1030 961 me
1063 920 1251 963 diversos
1283 921 1453 964 ordines
1485 922 1677 965 caritatis.

247 999 380 1054 Quod
411 1000 444 1041 si
476 1001 612 1042 adhuc
654 999 896 1040 addendum
935 997 997 1039 his
1038 998 1198 1056 aliquid
1231 1000 1418 1051 videtur,
1456 1017 1681 1057 possumus

248 1089 289 1118 et
310 1077 353 1133 ³)
402 1077 509 1119 illud
559 1078 599 1119 in
648 1077 835 1118 medium
882 1077 1114 1128 adducere,
1162 1079 1279 1135 quod
1325 1078 1383 1120 ait
1422 1080 1677 1136 Apostolus:

247 1155 426 1213 ‚,viri‘²),
457 1155 620 1209 diligite
650 1171 801 1197 uxores
832 1161 1016 1197 vestras“
1047 1155 1155 1197 sicut
1186 1173 1368 1214 corpora
1390 1169 1541 1208 vestra,
1572 1158 1680 1200 sicut

247 1234 465 1285 „Christus
507 1233 653 1275 dilexit
684 1233 947 1275 ecclesiam.“
1010 1233 1128 1288 Quid
1160 1249 1259 1287 ergo
1307 1235 1464 1277 debent
1506 1235 1679 1293 quidem

245 1312 324 1353 viri
353 1329 507 1354 uxores
537 1329 630 1354 suas
663 1312 860 1365 diligere,
901 1312 1001 1353 alias
1033 1328 1134 1353 vero
1176 1312 1377 1355 mulieres
1407 1330 1495 1355 non
1527 1315 1684 1357 debent

247 1390 421 1432 omnino
455 1390 631 1443 diligere
661 1390 705 1432 in
740 1391 858 1431 omni
890 1391 1079 1432 castitate
1122 1402 1163 1431 et
1192 1391 1443 1433 sanctitate?
1500 1394 1566 1435 An
1596 1411 1682 1435 non

248 1468 505 1510 videbuntur
543 1469 669 1510 otiam
707 1468 822 1525 ipsae
871 1484 957 1509 esse
999 1469 1050 1509 de
1090 1468 1325 1524 proximis?
1393 1470 1480 1511 Sed
1520 1470 1683 1528 imperp-

249 1548 387 1589 denda
417 1547 591 1604 quidem
623 1559 684 1588 est
715 1547 916 1597 dilectio,
957 1546 1026 1587 vel
1065 1546 1109 1586 in
1141 1545 1386 1602 conjugem,
1426 1548 1494 1589 vel
1524 1548 1567 1589 in
1597 1567 1685 1591 ma-

247 1636 377 1675 trem,
418 1626 485 1665 vel
517 1625 559 1666 in
590 1642 806 1676 sororem,
848 1625 883 1666 si
913 1637 1055 1666 tamen
1088 1624 1236 1665 fideles
1267 1624 1370 1676 sint,
1413 1637 1453 1666 et
1482 1627 1579 1668 Deo
1611 1629 1684 1669 ad-

247 1703 477 1753 haerentes,
497 1714 539 1744 et
561 1720 656 1756 erga
684 1703 809 1744 aliam
831 1701 1058 1743 mulierem
1074 1703 1115 1756 ⁵)
1146 1703 1277 1753 nulla,
1308 1704 1541 1745 secundum
1566 1707 1682 1762 quod

249 1780 337 1837 ipsa
390 1780 583 1837 proxima
639 1776 819 1831 dicitnr,
868 1791 930 1821 est
975 1779 1097 1821 nobis
1146 1780 1432 1836 impendenda
1478 1781 1682 1825 dilectio?

250 1857 382 1913 Quod
425 1857 458 1899 si
488 1859 570 1900 hoc
609 1860 839 1900 absurdum
870 1857 1061 1909 videtur,
1102 1859 1230 1899 debet
1267 1870 1409 1900 autem
1449 1863 1680 1904 secundum

247 1937 435 1979 mandati
467 1937 660 1978 ordinem
701 1936 827 1978 etiam
869 1952 962 1989 erga
1003 1952 1068 1977 eas
1108 1948 1218 1978 casta
1259 1937 1449 1979 adhiberi
1490 1939 1680 1993 dilectio,

246 2032 420 2072 prorsus
460 2015 569 2057 inter
611 2016 719 2072 ipsas
769 2031 970 2071 personas
1012 2013 1285 2066 feminarum,
1326 2016 1478 2072 quibus
1515 2018 1679 2074 impen-

248 2096 385 2136 denda
415 2094 590 2136 dilectio
623 2106 705 2146 est,
735 2094 950 2135 habendus
980 2093 1180 2149 profecto
1214 2106 1277 2135 est
1307 2096 1415 2136 ordo
1448 2095 1678 2153 quidamss)

246 2173 289 2214 in
322 2173 508 2225 caritate,
550 2172 889 2229 conveniensque
930 2171 1157 2214 distinctio.
1217 2173 1274 2214 Et
1312 2172 1465 2232 majori
1506 2174 1679 2232 quidem

250 2270 346 2294 cum
377 2251 700 2294 honorificentia
730 2251 856 2293 matri
894 2252 1125 2292 deferenda
1157 2263 1218 2292 est
1247 2250 1447 2302 dilectio,
1486 2253 1679 2308 sequenti

247 2348 349 2372 vero
391 2332 520 2385 gradu
564 2348 660 2373 cum
700 2331 879 2388 quadam
924 2329 1202 2371 nihilominus
1242 2330 1500 2382 reverentia,
1552 2331 1678 2373 etiam

370 2550 409 2607 ¹)
439 2549 548 2591 Edd.
581 2551 641 2592 M.
674 2567 798 2602 „esse
829 2563 871 2592 et
901 2548 1075 2607 quidem
1106 2548 1321 2590 caritatem
1352 2555 1522 2591 unam.“

364 2621 408 2677 2)
440 2620 596 2662 Cantic.
627 2623 690 2672 ll,
721 2623 762 2665 4.
880 2622 924 2678 ³)
955 2621 1089 2662 Deest
1121 2626 1236 2672 ‚‚et“
1269 2619 1311 2661 in
1344 2621 1437 2662 edd.
1470 2620 1531 2662 M.

367 2690 408 2748 ⁴)
439 2691 591 2748 Ephes.
623 2694 673 2743 V,
704 2693 772 2737 25.

368 2763 410 2817 ⁵)
440 2763 549 2804 Edd.
573 2763 634 2805 M.
667 2763 918 2815 „mulierem
948 2762 1110 2803 nullam
1139 2762 1371 2805 secundum
1402 2759 1534 2812 illam,
1565 2778 1670 2818 quae

248 2819 441 2874 proxima
471 2819 648 2871 dicitur,
681 2827 779 2863 est“
811 2832 890 2862 etc.

364 2883 407 2945 ⁰)
439 2892 573 2932 Deest
603 2890 810 2947 „quidam
824 2897 848 2916 “
879 2891 922 2933 in
953 2891 1016 2948 ed.
1049 2890 1195 2932 Ruaei.
