1763 3112
648 93 845 135 ΗοΜιιιΑ
873 96 970 136 XII.
1434 100 1517 145 233

107 205 247 261 vov¹)
278 202 474 261 ἀκράτου
511 207 679 264 πλῆρες
714 204 1019 264 κεράσματος·
1062 207 1237 251 ἔκλινεν
1277 209 1327 252 ἐκ
1354 209 1515 255 τούτου

109 284 170 331 εἷς
199 284 355 326 τοῦτο·
385 280 505 336 πλὴν
536 281 558 325 ὁ
590 286 772 341 τρυγίας
800 280 937 325 αὐτοῦ
971 281 1054 326 οὐκ
1082 282 1345 339 ἕξεκενώθη,
1378 291 1515 330 m‘ov-

108 374 180 401 ται
207 355 373 407 πάντες
402 361 445 402 οἱ
474 356 734 418 ἁμαρτωλοὶ
762 361 836 413 τῆς
865 360 995 415 γῆς.“
1058 362 1118 401 Εἰ
1148 363 1292 407 θέλεις
1320 364 1394 403 καὶ
1425 379 1515 406 πο-

106 433 260 493 τήριον
289 434 495 492 εὐλογίας
523 437 653 491 ἰδεῖν,
690 431 714 479 ὃ
743 440 958 479 πίνουσιν
987 437 1031 479 οἱ
1061 437 1243 491 δίκαιοι,
1277 433 1397 493 ἤρκει
1429 440 1517 493 μὲν

107 505 190 556 οὖν
218 514 295 554 καὶ
324 512 373 555 τὸ
401 515 478 566 τῆς
509 518 698 571 σοφίας,
744 512 814 570 ἐφ’
861 504 895 569 ᾧ
935 513 1079 570 ἔλεγε·
1120 518 1275 568 ,,πίετε
1291 514 1333 570 ²)
1374 512 1514 571 οἶνον,

108 584 162 632 ὃν
190 590 379 648 ἕκέρασα
409 587 572 647 ὑμῖν.“
632 587 724 634 Ἴδε
763 591 816 634 δέ
849 606 929 646 μοι
966 593 1043 632 καὶ
1079 589 1160 633 τὸν
1199 594 1376 648 σωτῆρα
1406 591 1518 648 πρὸς

104 664 154 708 τὸ
184 663 340 723 πάσχα
371 666 678 722 ἀναβαίνοντα
708 671 768 716 εἰς
806 665 1037 724 ἀνώγαιον
1063 671 1183 726 μέγα
1215 669 1515 726 ἐστρωμένον,

104 745 182 786 καὶ
208 749 552 801 κεκοσμημένον
587 749 664 788 καὶ
707 742 972 803 ἑορτιέζοντα
1008 743 1122 802 μετὰ
1160 748 1249 788 τῶν
1279 749 1514 803 μαθητῶν,

105 824 182 864 καὶ
212 819 397 865 διδόντα
435 822 586 871 αὐτοῖς
625 821 674 866 τὸ
715 821 956 880 ποτήριον,
1002 825 1107 879 περὶ
1149 814 1202 865 οὗ
1247 826 1515 880 γέγραπται,

106 897 189 954 οὐχ
209 896 274 942 ὅτι
305 899 539 955 ἐκέρασεν·
573 898 594 942 ὁ
622 898 790 953 Ἰησοῦς
817 897 907 956 γὰρ
937 898 1201 957 εὐφραίνων
1229 898 1334 949 τοὺς
1359 908 1518 957 μαθη-

104 972 181 1024 τὰς
224 973 402 1032 ἀκράτῳ
450 975 709 1033 εὐφραίνει,
755 979 830 1018 καὶ
874 979 993 1032 λέγει
1035 975 1210 1025 αὐτοῖς·
1251 975 1440 1033 ,,λάβετε
1457 978 1516 1036 3),

102 1057 240 1107 πίετε,
273 1051 404 1098 τοῦτό
435 1069 528 1109 μου
559 1054 648 1096 ἔστι
681 1051 729 1096 τὸ
763 1047 899 1109 αἷμα,
940 1050 989 1096 τὸ
1020 1050 1135 1112 ὑπὲρ
1166 1052 1296 1110 ὑμῶν
1325 1053 1514 1112 ἒκχυνό-

101 1146 246 1189 μενον
272 1133 332 1179 εἰς
362 1127 530 1187 ἄφεσιν
559 1127 818 1186 ἁμαρτιῶν·
856 1132 986 1174 τοῦτο
1016 1136 1206 1186 ποιεῖτε,
1250 1129 1404 1181 ὁσάκις
1435 1131 1517 1176 ἒάν

102 1212 274 1264 πίνητε,
307 1210 368 1257 εἰς
395 1207 477 1262 τὴν
506 1204 622 1265 ἐμήν
653 1205 962 1265 ἀνάμνησιν.“
1027 1210 1118 1250 Καὶ
1155 1207 1314 1263 »ἀμὴν
1328 1208 1369 1265 ⁴²)
1400 1213 1514 1266 λέγω

101 1283 238 1344 ὑμῖν·
291 1285 342 1329 οὐ
387 1283 450 1343 μὴ
481 1289 571 1328 πίω
605 1283 711 1328 αὐτὸ
759 1283 850 1326 ἀπὸ
889 1286 968 1327 τοῦ
999 1287 1105 1339 νῦν,
1158 1285 1239 1333 ἕως
1284 1284 1393 1330 αὐτὸ
1423 1292 1513 1331 πίω

101 1363 204 1419 μεθ’
244 1361 376 1421 ὑμῶν
418 1361 578 1405 καινὸν
619 1362 669 1405 ἐν
707 1363 757 1421 τῇ
796 1364 1001 1417 βασιλεία
1038 1365 1119 1405 τοῦ
1157 1364 1319 1406 θεοῦ.“

1385 1362 1517 1421 Ὁρᾷς

102 1439 184 1490 τὴν
215 1440 520 1496 ἐπαγγελίαν,
567 1436 614 1481 τό
648 1436 865 1498 ποτήριον
893 1441 969 1493 τῆς
998 1442 1154 1494 καινῆς
1182 1438 1406 1495 διαθήκης
1435 1433 1512 1484 οὗ-

103 1531 212 1570 σαν,·
251 1515 380 1574 Ὁρᾷς
407 1513 485 1565 τὰς
513 1513 717 1564 κολάσεις
746 1513 964 1574 ποτήριον
994 1520 1122 1560 οἴνου
1160 1514 1381 1573 ἀκράτου;
1423 1521 1516 1561 Καὶ

102 1592 211 1638 ἄλλο
242 1592 361 1642 εἶδος
392 1590 616 1642 κολάσεως
643 1592 861 1653 ποτήριον
889 1596 1236 1650 κεκερασμένον,
1269 1592 1381 1639 ὥστε
1405 1594 1516 1639 ἑκά-

103 1686 191 1728 στῳ
231 1673 478 1729 κιρνάσθαι
515 1668 628 1713 κατὰ
666 1668 747 1724 τὴν
793 1669 924 1719 ἀξίαν
969 1667 1050 1724 τὴν
1078 1674 1274 1728 χρηστῆς
1312 1670 1516 1729 πράξεως

100 1748 472 1805 ἀναμεμιγμένης
498 1749 712 1806 μοχθηρᾷ
741 1744 900 1805 πράξει
926 1743 955 1788 ἂ
986 1751 1151 1790 πίεται.
1218 1746 1328 1792 Νόει
1356 1749 1411 1793 δέ
1435 1766 1518 1805 μοι

101 1825 204 1875 τοὺς
230 1826 319 1883 μὲν
347 1821 494 1879 πάντη
525 1823 785 1880 ἀλλοτρίους
813 1825 890 1877 τῆς
926 1829 1208 1880 θεοσεβείας,
1254 1828 1331 1869 καὶ
1358 1827 1527 1883 μηδα-·

101 1906 197 1961 μῶς
225 1905 531 1960 προσέχοντας
561 1898 724 1955 αὐτοῖς,
756 1899 849 1942 ἀλλ’
883 1899 942 1950 ὠς
971 1901 1095 1957 ἔτυχε
1126 1905 1316 1961 ζῶντας,
1349 1908 1515 1947 πίνον-

100 1995 178 2028 τας
206 1976 286 2023 τὸν
315 1974 513 2034 ἄκρατον
551 1974 703 2032 οἶνον,
752 1979 859 2036 περὶ
897 1969 951 2021 οὗ
990 1982 1288 2037 παρεθέμεθα
1328 1979 1381 2023 τά
1423 1979 1514 2025 ἀπὸ

101 2058 180 2100 τοῦ
204 2053 442 2112 Ἱερεμίου·
472 2053 575 2103 τοὺς
606 2055 655 2098 δὲ
672 2053 736 2111 μὴ
757 2051 906 2110 πάντη
935 2053 1234 2112 ἀποστάντας,
1266 2060 1343 2100 καὶ
1362 2055 1517 2115 ἀμαρ-

102 2131 291 2187 τωλοὺς,
332 2131 482 2189 ἀλλ’5)
520 2132 670 2183 ἀξίους
697 2135 776 2177 τοῦ
808 2138 1026 2193 ποτηρίου
1056 2137 1132 2189 τῆς
1160 2137 1318 2188 καινῆς
1347 2133 1514 2191 διαθή-

221 2286 260 2339 ¹)
289 2286 420 2327 Deest
448 2291 633 2337 ,,οἴνου“
661 2289 702 2329 in
734 2290 797 2330 ed.
828 2290 877 2331 R.
996 2289 1038 2345 ²)
1069 2289 1196 2329 Prov.
1227 2289 1302 2339 IX,
1334 2290 1372 2331 5.

218 2351 260 2408 ³)
293 2355 378 2396 Cfr.
407 2357 557 2398 Matth.
586 2359 744 2409 XXVI,
774 2359 841 2402 27.
872 2358 940 2401 28.
973 2359 1071 2400 coll.
1105 2360 1124 2399 I
1155 2359 1252 2400 Cor.
1283 2358 1360 2408 XI,
1389 2357 1456 2400 25.

218 2423 260 2479 ⁴)
293 2424 379 2465 Cfr.
408 2426 557 2468 Matth.
586 2429 744 2480 XXVI,
774 2430 841 2472 29.

219 2496 260 2550 5)
292 2495 400 2535 Edd.
438 2496 492 2538 H.
532 2507 573 2537 et
611 2499 660 2539 R.
700 2499 744 2539 in
782 2511 897 2540 textu
929 2499 1120 2556 quidem:
1159 2498 1278 2550 ,,ἀλλ’
1319 2498 1512 2548 ἀξίους,“

102 2552 154 2592 Η.
194 2563 333 2591 tamen
376 2552 427 2592 ad
468 2552 714 2605 marginem:
761 2556 944 2605 „scribez
985 2556 1236 2605 ἀναξιόυς.“
1309 2556 1428 2595 Idem
1470 2554 1510 2593 in

101 2607 212 2648 notis
241 2607 491 2649 accuratius:
523 2610 723 2659 „omnino
755 2612 997 2664 legendum:
1030 2613 1261 2663 ἀναξίους,
1300 2622 1346 2650 ut
1377 2609 1513 2650 innuit

101 2664 404 2721 Hieronymus,
436 2676 477 2705 et
504 2681 645 2706 sensus
673 2669 880 2722 postulat3
918 2681 1000 2710 tres
1033 2669 1144 2710 enim
1176 2667 1323 2708 calices
1352 2682 1510 2722 propo-

102 2720 184 2770 nit,
225 2737 461 2771 meracum,
499 2721 697 2772 mixtum,
737 2735 778 2764 et
815 2724 915 2765 novi
953 2724 1213 2774 testamenti3
1254 2734 1294 2763 et
1323 2723 1509 2787 priorem

101 2776 272 2831 quidem
301 2777 455 2833 impiis,
484 2790 747 2834 postremum
776 2780 940 2831 sanctis,
967 2783 1143 2824 mixtum
1171 2780 1241 2829 iis,
1272 2795 1343 2835 qul
1374 2779 1416 2819 in
1446 2778 1509 2819 via

100 2831 262 2875 virtutis
290 2833 484 2886 titubant,
515 2847 556 2877 et
584 2835 744 2878 incerto
775 2853 895 2892 passu
924 2839 1288 2893 progrediuntur.“
