1734 3112
657 120 797 160 LIBER
828 121 907 174 III.
1467 119 1492 163 3

63 247 104 276 et
145 236 385 289 dogmatum
434 233 635 276 stabilitas
683 233 894 273 indicatur
933 232 1233 286 perfectorum.
1304 230 1415 281 Ergo
1457 231 1490 271 si

62 325 187 369 caput
217 330 301 355 esse
334 313 519 355 Christus
562 312 741 361 dicitur,
782 309 888 350 nihil
926 320 1031 364 puto
1073 308 1302 349 absurdum
1341 307 1488 358 videri,

63 391 96 431 si
128 403 168 432 et
188 392 226 447 ¹)
258 391 372 431 oculi
403 406 574 441 eorum,
622 388 694 445 qui
725 387 955 428 secundum
994 385 1240 426 interiorem
1271 385 1488 426 hominem

63 467 333 524 spiritualiter
361 468 616 520 intelligunt,
647 479 688 507 et
718 463 995 521 spiritualiter
1026 462 1270 521 dijudicant,
1303 463 1486 519 Spiritus

60 558 219 588 sanctus
252 562 337 587 esse
369 545 573 587 dicantur.
618 545 679 585 Et·
706 545 761 584 ob
791 543 872 583 hoc
903 540 1089 582 fortassis
1121 541 1164 582 in
1195 542 1285 593 lege
1305 541 1347 597 2)
1379 541 1485 581 sicut

59 640 181 676 agnus
212 623 375 680 positus
407 635 480 674 est,
510 639 588 679 per
619 621 734 680 cujus
764 619 945 662 hostiam
975 620 1162 676 populus
1192 619 1488 675 purificaretur

59 700 100 741 in
132 701 303 757 pascha:
345 701 404 742 ita
435 713 476 742 et
508 701 729 742 columbae
759 698 922 755 positae
954 709 1070 748 sunt,
1112 696 1262 753 quibus
1292 696 1490 753 purifica-

55 790 126 819 tur
153 778 283 820 homo
313 777 574 836 ingressus3)
605 778 715 819 hunc
744 776 963 817 mundum.
1020 774 1107 817 Sed
1139 786 1179 816 et
1210 775 1262 816 de
1295 791 1345 816 eo
1376 791 1488 816 nunc

18 848 21 851 ⁵
57 856 219 908 dicere,
251 868 292 897 et
321 856 552 897 hostiarum
584 856 803 913 qualitates
835 854 1068 903 discutere,
1110 852 1280 906 longior
1319 853 1488 895 videtur

56 950 264 985 excessus,
311 946 352 975 et
389 934 614 991 proposito
657 933 778 993 operi
818 932 993 974 minime
1033 931 1300 972 conveniens.
1370 931 1486 972 Haec

56 1024 196 1054 autem
224 1028 478 1054 memorasse
517 1011 699 1053 sufficiat
741 1027 821 1068 pro
853 1027 930 1061 eo,
977 1009 1093 1066 quod
1122 1025 1317 1065 praesens
1347 1025 1486 1050 sermo

56 1090 264 1132 continet:
308 1089 463 1141 „oculi
478 1090 519 1148 ⁴)
549 1089 612 1131 tui
644 1090 919 1132 columbae.“
980 1086 1114 1142 Quasi
1145 1086 1328 1139 diceret,
1370 1088 1486 1129 oculi

55 1168 118 1209 tui
147 1167 384 1224 spirituales
414 1179 533 1219 sunt,
564 1167 843 1224 spiritualiter
872 1166 1086 1217 videntes,
1117 1165 1394 1222 spiritualiter
1423 1166 1484 1206 in-

54 1244 305 1298 telligentes,
365 1246 513 1287 Potest
539 1245 674 1287 adhuc
701 1245 982 1302 profundiore
1008 1243 1193 1285 fortassis
1211 1255 1486 1294 sacramento,

57 1324 172 1378 qnod
205 1322 326 1365 dixit:
372 1324 580 1381 ,‚ecce⁵),
612 1340 654 1365 es
684 1323 874 1380 speciosa
903 1322 1096 1379 proxima
1125 1328 1277 1363 mea:“
1308 1321 1487 1374 intelligi

57 1400 109 1441 de
140 1401 349 1456 praesenti
378 1402 548 1443 saeculo
582 1401 765 1442 dictum:
810 1401 908 1456 quia
936 1400 1127 1456 speciosa
1159 1401 1331 1456 quidem
1362 1400 1415 1440 sit
1447 1411 1486 1440 ct

54 1477 122 1518 hic
163 1478 358 1529 ecclesia,
398 1495 493 1519 cum
530 1478 724 1534 proxima
763 1489 824 1518 est
855 1476 1045 1528 Christo,
1093 1488 1134 1518 et
1165 1494 1260 1518 cum
1297 1477 1486 1518 imitatur

57 1555 282 1596 Christum.
345 1554 477 1609 Quod
506 1571 608 1596 vero
640 1554 821 1606 iteravit,
852 1566 893 1595 et
924 1553 1050 1595 dixit:
1083 1570 1217 1605 „ecce
1233 1556 1290 1611 6),
1323 1572 1364 1596 es
1394 1573 1488 1612 spe->

57 1631 227 1674 ciosa:¹‘
268 1643 409 1689 potest
452 1632 504 1672 ad
534 1632 726 1673 futurum
769 1631 985 1673 saeculum
1015 1632 1251 1687 pertinere,
1296 1633 1369 1674 ubi
1399 1633 1482 1691 jam

53 1726 139 1750 non
172 1710 312 1751 solum
342 1708 600 1760 imitatione,
645 1710 718 1750 sed
758 1709 847 1766 ipsa
887 1710 951 1750 sui
993 1709 1257 1766 perfectione
1297 1713 1484 1752 formosa

55 1798 117 1829 est
147 1799 188 1829 et
227 1784 440 1844 speciosa:
481 1786 588 1844 ut7)
626 1786 686 1827 ibi
726 1786 837 1828 dicat
874 1803 961 1828 esse
1001 1787 1150 1829 oculos
1192 1787 1279 1846 ejus
1322 1790 1486 1830 colum-

52 1865 210 1922 bae⁸)‚
254 1876 302 1906 ut
332 1864 516 1906 duorum
547 1864 772 1906 oculorum
804 1865 1026 1906 columbae
1058 1866 1166 1906 duae
1196 1866 1486 1920 intelligantur

55 1956 142 1983 esse
171 1940 282 1983 filius
312 1941 396 1983 Dei
428 1953 470 1983 et
499 1941 681 1999 Spiritus
712 1954 890 1984 sanctus.
950 1942 1006 1984 Et
1037 1958 1088 1983 ne
1119 1943 1310 1995 mireris,
1348 1944 1382 1985 si
1414 1961 1485 1986 co-

53 2019 197 2061 lumba
225 2020 351 2063 simul
383 2019 568 2071 dicatur,
599 2037 696 2062 cum
724 2032 904 2077 uterque
935 2020 1131 2062 similiter
1161 2021 1388 2062 advocatus
1421 2023 1484 2063 di-

55 2109 182 2150 catur,
212 2097 320 2140 sicut
348 2099 532 2140 Joannes
547 2099 595 2156 9)
626 2098 880 2153 evangelista
910 2098 1121 2150 declarat,
1151 2098 1359 2154 Spiritum
1394 2100 1486 2156 qui-

177 2334 216 2391 ¹)
244 2335 377 2378 Deest
406 2342 520 2388 „et“
550 2336 594 2379 in
625 2337 691 2379 ed.
722 2336 870 2380 Ruaei.
991 2338 1034 2395 ²)
1068 2338 1154 2380 Csr.
1186 2338 1320 2380 Exod.
1354 2339 1451 2381 ΧΠ,

173 2404 216 2460 ³)
246 2404 355 2448 Edd.
386 2407 451 2452 M.
481 2407 721 2461 „ingressus
750 2408 794 2450 in
824 2407 971 2449 hunc“
1004 2419 1082 2450 etc.

171 2475 215 2529 ¹²)
248 2474 407 2516 Cantic.
449 2477 484 2527 I,
515 2478 579 2522 15.
624 2502 678 2510 ·—-
723 2478 834 2519 Edd.
865 2478 926 2520 M.
959 2489 1001 2519 et
1030 2478 1080 2520 R.
1112 2478 1193 2519 hoc
1234 2480 1357 2531 loen,
1406 2481 1478 2521 cfr.

55 2545 146 2586 pag.
166 2530 206 2574 2.
237 2542 325 2572 not.
345 2529 384 2574 3.
417 2533 515 2574 coll.
545 2534 692 2590 pag.1.
724 2546 813 2576 not.
829 2534 868 2578 2.
900 2535 1208 2585 ‚,columbae.“

171 2602 214 2659 ⁵)
246 2600 407 2644 Cantic.
439 2603 473 2653 I,
504 2602 569 2646 15.
687 2605 731 2662 6)
763 2603 923 2650 Cantic.
955 2605 988 2656 I,
1021 2605 1086 2649 15.

171 2671 214 2728 7)
245 2670 355 2714 Edd.
385 2671 446 2713 M.
479 2683 560 2722 „et
588 2673 696 2715 ibi.“

170 2742 214 2796 8)
246 2742 356 2783 Edd.
389 2741 449 2783 M.
481 2742 563 2783 hoc
592 2743 716 2796 loco,
758 2747 831 2788 cfr.
862 2761 953 2801 pag.
984 2744 1069 2803 huj.
1101 2757 1189 2787 not.
1209 2746 1246 2788 4.
1282 2745 1485 2796 „colum-

54 2798 214 2839 barum.
232 2804 256 2823 “

171 2870 214 2925 9)
246 2869 335 2911 Csr.
367 2886 428 2910 ev.
460 2870 611 2911 Joaun.
643 2870 759 2919 XIV,
791 2869 856 2913 16.
891 2872 954 2915 17,

1069 2948 1132 2989 1³⁴4
