1763 3112
293 95 378 139 428
736 105 792 134 Ex
822 92 1031 134 OmGENE
1063 93 1264 135 SELECTA

295 209 400 265 περὶ
429 204 679 264 μελλούσης
707 204 857 262 ἑτέρας
886 203 1107 260 διαθήκης
1137 200 1577 263 ἔπισημαινόμενος,
1608 206 1714 249 δια-
1762 206 1763 210 ’

298 283 440 340 θήκης
468 287 629 341 λέγων,
658 281 732 328 ἀεὶ
759 281 810 327 τὸ
841 280 1065 338 ,,ταὺτης“
1084 282 1125 338 ¹)
1154 286 1456 340 προσέθηκεν.

411 358 881 419 ,,Ἐπεστράφησαν2)
925 360 1004 404 ἐπὶ
1043 358 1120 408 τάς
1161 359 1338 410 ἀδικίας
1377 362 1469 404 τῶν
1509 362 1717 417 πατέρων
1758 377 1759 390 ³

299 440 448 484 αὐτῶν
477 441 566 482 τῶν
595 439 877 497 προτέρων.“
929 440 1023 481 Καὶ
1053 436 1124 494 ἐφ’
1157 436 1290 496 ἡμῶν
1323 439 1373 482 δὲ
1403 439 1547 482 διττοὶ
1575 440 1718 481 πατέ-
1758 467 1759 471 =

301 534 387 578 ρες.
448 519 503 560 Οἱ
531 516 621 573 μὲν
647 513 737 574 γὰρ
769 513 857 572 πρὸ
888 517 964 569 τῆς
993 519 1202 571 πίστεως,
1234 517 1277 559 οἱ
1308 517 1358 560 δὲ
1387 514 1501 574 μετὰ
1533 511 1716 569 ταύτην.

303 598 422 650 Φησὶ
457 595 506 638 δὲ
539 591 561 637 ὁ
597 590 815 649 Χριστός·
851 590 1072 648 „rhesis-³)
1105 592 1154 635 ἐκ
1185 595 1266 636 τοῦ
1299 592 1468 651 πατρὸς
1488 591 1619 647 ὑμῶν
1638 593 1717 634 τοῦ

301 670 518 727 διαβόλου
548 670 715 714 ἕστέ·“
755 666 908 724 ὥσπερ
949 661 1033 713 οὖν
1070 672 1149 712 καὶ
1186 669 1315 726 ἡμεῖς
1356 663 1498 727 ἦμεν,
1530 666 1720 713 πιστεύ-

302 765 458 798 σαντες
487 748 538 792 δὲ
567 743 829 804 γεγόναμεν
858 748 950 789 υἱοὶ
982 749 1198 805 Χριστοῦ.
1266 750 1359 790 Καὶ
1387 749 1437 792 ἐν
1468 750 1640 804 ψαλμῷ
1671 747 1721 790 δὲ

301 830 477 883 λέγεται
503 826 849 882 τεσσαρακοστῷ
880 821 1094 883 τετάρτῳ·
1135 820 1373 879 ,,ιέ’κουσον
1387 825 1431 882 ⁴²)
1471 825 1722 882 θύγατερ.“

299 902 431 960 Ὁρᾷς
469 899 528 951 ὡς
563 901 734 958 πατρὸς
770 899 797 956 ἡ
845 898 998 959 φωνή.
1068 897 1183 945 Εἶτα
1225 906 1371 960 λέγει·
1421 903 1591 959 ,,καὶ5)
1635 903 1721 956 ἴδε,
1760 909 1763 923 “

303 983 381 1024 καὶ
410 981 568 1023 κλῖνον
604 977 654 1023 τὸ
697 971 774 1027 οὖς
803 993 908 1033 σου,
950 982 1027 1022 καὶ
1067 978 1299 1024 ἐπιλάθου
1338 983 1418 1025 τοῦ
1459 982 1576 1024 λαοῦ
1618 995 1720 1033 σου,

305 1061 383 1101 καὶ
411 1058 490 1100 τοῦ
523 1060 650 1100 οἴκου
681 1059 762 1100 τοῦ
794 1054 964 1112 πατρός
995 1059 1131 1100 σου.“
1204 1056 1364 1114 Πατὴρ
1404 1055 1582 1114 ἀγαθὸς
1617 1059 1724 1112 περὶ

305 1132 476 1189 πατρὸς
505 1136 627 1189 λέγει
658 1136 849 1187 ψεκτοῦ.
899 1137 1041 1191 Λέγει
1073 1135 1123 1178 δὲ
1157 1136 1233 1177 καὶ
1251 1132 1461 1189 ’Ῑωάννης
1489 1135 1540 1177 ἐν
1568 1136 1618 1193 τῇ
1638 1151 1723 1176 κα-

307 1213 495 1270 θολικῇ·
526 1210 708 1266 ,,πᾶςῡ)
740 1208 762 1253 ὁ
796 1213 947 1254 ποιῶν
975 1210 1025 1254 τὸ
1058 1209 1281 1268 πονηρὸν,
1314 1212 1364 1254 ἐκ
1394 1214 1474 1255 τοῦ
1506 1210 1724 1266 διαβόλου

306 1288 599 1346 γεγένηται.“
655 1284 848 1337 ‘offa'mg
878 1280 961 1331 οὖν
993 1286 1340 1346 ἁμαρτάνομεν,
1372 1289 1422 1332 ἐκ
1452 1291 1531 1332 τοῦ
1561 1287 1725 1343 διαβό-

308 1370 389 1409 λου
419 1362 719 1422 γεννώμεθα·
763 1365 813 1409 ἐκ
842 1367 922 1409 τοῦ
952 1367 1064 1410 θεοῦ
1094 1366 1145 1410 δὲ
1174 1362 1343 1422 πάλιν,
1377 1361 1533 1413 ὁσάκις
1563 1364 1727 1424 ἀρετὴν

310 1439 694 1502 κατορθώσωμεν.

422 1519 607 1576 ,,Καὶ7)
637 1518 933 1577 κεκράξονται
962 1518 1078 1576 πρὸς
1108 1519 1189 1575 μὲ,
1232 1521 1311 1562 καὶ
1343 1518 1426 1563 οὐκ
1456 1516 1729 1563 εἰσακούσο-

310 1616 394 1657 μαι
424 1597 623 1642 αὐτῶν.“
680 1596 728 1641 ‘0
757 1598 846 1654 μὲν
875 1594 982 1646 θεὸς
1012 1598 1197 1646 δικαίως
1229 1596 1312 1640 οὐκ
1347 1594 1505 1641 ἀκούει
1546 1600 1636 1640 τῶν
1664 1598 1727 1654 μῆ

311 1674 609 1721 ἀκουσάντων
637 1674 804 1718 αὐτοῦ·
849 1677 892 1719 οἱ
932 1675 982 1718 δὲ
1023 1675 1242 1731 δαίμονες
1279 1672 1328 1718 τὸ
1369 1675 1550 1719 δίκαιον
1587 1678 1731 1719 σῶσαι

311 1760 404 1805 τοῖς
429 1751 715 1811 θυμιάσασιν
745 1751 896 1802 αὐτοῖς
935 1752 988 1796 οὐ
1028 1750 1332 1807 δυνήσονται,
1374 1749 1486 1796 ὅταν
1525 1751 1547 1796 ὁ
1578 1751 1731 1810 καιρὸς

313 1835 404 1876 τῶν
432 1833 587 1875 κακῶν
617 1830 802 1889 ἐπέλθῃ.
839 1828 977 1874 Ὅταν
1007 1822 1091 1873 οὖν
1119 1829 1183 1886 μὴ
1219 1827 1451 1890 ἐπακούσῃ
1483 1829 1601 1885 θεὸς,
1635 1833 1732 1875 δει-

314 1909 399 1956 νὸν
435 1908 486 1955 τὸ
525 1912 668 1963 ζητεῖν
704 1905 832 1965 παρὰ
869 1904 1105 1965 δαιμόνων
1139 1905 1374 1963 βοήθειαν.
1438 1907 1550 1951 Ἀλλ’
1584 1911 1733 1966 33:675--

315 1994 428 2033 σθαι
464 1988 539 2031 δεῖ
574 1986 710 2039 θεοῦ,
769 1982 845 2027 διὰ
887 1981 943 2027 τὰ
987 1983 1287 2042 ἡμαρτημένα
1334 1984 1732 2043 ἀπεστραμμένου,

312 2065 395 2122 τὴν
422 2065 475 2108 δὲ
502 2060 679 2118 πολλὴν
709 2061 774 2105 ἐπ’
807 2059 947 2106 αὐτὸν
975 2064 1052 2104 καὶ
1082 2062 1309 2119 ἐπίμονον
1339 2061 1613 2121 καταφυγὴν
1650 2063 1733 2120 οὐχ

315 2142 642 2200 ὑπερορῶντος.

416 2217 573 2276 ’Ότι8)
613 2216 694 2262 οὐκ
733 2214 1111 2273 εἴσακούσομαι.“
1174 2217 1266 2260 Οὐκ
1296 2213 1448 2272 εἶπεν,
1494 2217 1575 2262 οὐκ
1606 2221 1734 2264 εἷσα-

437 2394 477 2449 ¹)
511 2393 598 2433 Cfr.
630 2393 789 2435 Jerem.
820 2392 898 2441 XI,
927 2391 966 2434 6.
999 2392 1035 2434 7.

434 2464 477 2520 ²)
507 2462 663 2504 Jerem.
692 2462 770 2511 XI,
801 2461 865 2504 10.
898 2461 996 2503 coll.
1027 2461 1216 2503 Homilia
1245 2462 1320 2502 IX.

437 2534 480 2587 3)
511 2533 587 2573 Ev.
617 2532 768 2590 Joann.
799 2532 919 2582 VIII,
951 2532 1018 2574 44.

436 2604 477 2659 ⁴)
509 2603 660 2644 Psalm.
691 2603 820 2652 XLV,
853 2602 916 2644 10.
949 2602 1141 2657 (XLIV.)

438 2674 478 2729 ⁵)
508 2673 659 2713 Psalm.
690 2673 819 2721 XLV,
850 2672 914 2714 10.
945 2673 1137 2728 (XLIV.)

438 2745 480 2800 ὃ)
512 2743 598 2785 Cfr.
629 2743 648 2782 I
676 2741 827 2783 Joann.
860 2743 938 2793 HI,
965 2741 1005 2784 8.
1037 2767 1090 2774 -—
1121 2742 1198 2783 Ed.
1230 2742 1381 2783 Ruaei:
1414 2748 1662 2799 γεγένηται.

444 2814 483 2869 ⁷)
513 2813 667 2855 Jerem.
698 2812 775 2863 XI,
804 2812 872 2857 11.
993 2813 1037 2867 ’5)
1065 2812 1223 2857 Jerem.
1251 2813 1327 2862 XI,
1360 2812 1422 2856 14.
