1734 3112
637 75 839 117 Homrm
870 75 942 118 lv.
1430 71 1510 117 199

80 186 259 234 σάντων
286 190 378 244 πῦρ
406 189 594 248 γενηθῇ,
628 190 758 233 τοῦτο
789 192 1002 246 γίνεσθαι
1033 188 1110 231 καὶ
1142 187 1218 231 ἐπὶ
1249 189 1338 231 τῶν
1367 204 1506 246 νεφε-

79 271 171 312 λῶν
215 279 356 327 φασι·
403 268 824 325 προσκρουομένων
866 267 958 310 τῶν
1006 268 1215 324 νεφελῶν
1252 263 1366 309 κατὰ
1404 264 1508 316 τοῦς

70 347 299 404 χειμῶνας
316 346 493 401 γίνεται
520 340 546 397 ἡ
573 340 804 402 ἀστραπή·
839 341 912 388 διὸ
945 340 1004 392 ῶς
1034 342 1206 387 ἐπίπαν
1237 341 1260 397 ἦ
1295 341 1505 403 ἀστραπὴ

77 421 172 479 ἅμα
199 422 363 481 βροντῇ
392 423 595 478 γίνεται,
638 423 714 477 τῆς
741 421 830 479 μὲν
858 422 1052 481 βροντῆς
1082 417 1397 480 ἔμφαινούσης
1426 419 1507 464 τὸν

74 491 185 556 ἦχον
214 500 292 542 τοῦ
326 501 650 556 συγκρουσμοῦ
690 500 782 543 τῶν
826 500 1047 555 νεφελῶν,
1088 500 1162 554 τῆς
1191 498 1242 543 δὲ
1273 498 1506 557 ἀστραπῆς

74 572 301 635 γεννώσης
331 573 380 619 τὸ
413 577 525 633 φῶς.

183 652 222 696 5.
255 655 316 695 ΕΖ
359 651 576 710 νενόηκας
620 650 669 697 τὸ
700 650 1021 711 παράδειγμα,
1072 654 1142 699 ἴδε
1181 670 1263 711 μοι
1301 655 1378 697 καὶ
1417 651 1501 709 τὴν

73 727 238 786 νοητὴν
285 733 496 789 νεφέλην.
573 732 749 786 Μωσῆς
796 733 963 789 νεφέλη
1014 722 1093 786 ἦν·
1133 730 1307 786 Ἰησοῦς
1355 728 1377 775 6
1421 734 1502 775 τοῦ

71 809 202 864 Ναυῆ
235 811 401 866 νεφέλη
431 799 502 865 ἦν.
580 799 728 853 Αῧται
769 806 826 865 δὴ
872 806 1113 865 ὁμιλοῦσιν
1142 806 1378 864 ἀλλήλαις,
1426 811 1504 852 καὶ

72 883 163 929 ἀπὸ
193 886 285 930 τῶν
313 883 466 944 λόγων
497 885 647 930 αὐτῶν
678 885 885 946 ἀστραπὴ
926 890 1113 944 γίνεται.
1180 883 1396 945 Ἱερεμίας
1425 902 1503 932 νε-

72 965 185 1021 φέλη
215 955 292 1018 ἦν·
325 962 515 1022 Βαροὺχ
544 966 711 1021 νεφέλη
742 955 810 1018 ἦν.
879 965 1182 1021 Διαλέγονται
1212 962 1327 1023 πρὸς
1358 961 1502 1019 ἀλλή-

70 1043 187 1097 λους,
219 1032 361 1095 ἦλθεν
400 1039 426 1095 ἦ
469 1039 676 1101 ἀστραπή
723 1040 814 1085 ἀπὸ
852 1042 944 1084 τῶν
981 1037 1134 1097 λόγων
1167 1039 1386 1101 Ἱερεμίου
1424 1045 1501 1086 καὶ

68 1120 159 1163 τῶν
186 1115 341 1176 λόγων
369 1115 573 1176 Βαροὺχ.
638 1116 792 1168 Οὕτως
822 1120 861 1162 εἰ
892 1114 1106 1173 δύνασαι,
1139 1115 1374 1177 συνάγαγε
1407 1119 1499 1164 ἀπὸ

67 1198 158 1242 τῶν
185 1199 384 1255 γραφῶν
413 1201 514 1241 τίνα
544 1194 720 1254 τρόπον
751 1192 958 1254 ἀστραπὴ
991 1195 1181 1254 ἔρχεται.
1242 1198 1336 1241 Καὶ
1368 1197 1418 1241 ἐν
1447 1200 1500 1259 τῇ

71 1276 203 1336 καινῇ
257 1271 454 1335 διαθήκῃ
511 1276 695 1323 Παῦλος
747 1277 823 1319 καὶ
870 1271 1122 1324 Σιλουανὸς
1176 1272 1259 1320 δύο
1311 1278 1501 1333 νεφέλαι

69 1344 201 1397 ἕσαν.
252 1342 433 1396 Ἦλθον
464 1351 541 1396 ἐπὶ
570 1349 620 1396 τὸ
667 1349 793 1406 αὐτὸ,
841 1354 1033 1409 γέγονεν
1079 1348 1103 1405 ἦ
1147 1353 1223 1405 τῆς
1262 1350 1502 1407 ἐπιστολῆς

74 1426 296 1488 ἀστραπή.
355 1427 693 1488 ,,Ἀστραπι“ιςῑ)
741 1420 822 1472 οὖν
853 1426 875 1472 6
907 1426 1014 1477 θεὸς
1043 1430 1106 1478 εἷς
1135 1426 1267 1474 ὑετὸν
1298 1430 1498 1487 ἐποίησε,

71 1511 150 1551 καὶ
181 1504 403 1565 ἐξήγαγεν
435 1506 631 1563 ἀνέμους
673 1508 721 1551 ἐκ
762 1507 1010 1566 θησαυρῶν
1040 1505 1230 1551 αὐτοῦ.“
1289 1505 1401 1568 Ὅρα
1442 1506 1501 1557 ῶς

73 1576 197 1630 οῦτοι
228 1587 272 1629 οἱ
302 1579 465 1642 ι’ίνεμοι
497 1584 546 1629 ἒν
575 1588 825 1641 θησαυροῖς
855 1586 984 1628 εἰσιν.
1046 1580 1109 1627 Ἢ
1123 1585 1166 1640 ²)
1199 1583 1299 1642 οὐχὶ
1331 1589 1501 1644 φαίνε-

71 1679 144 1707 ται
185 1661 212 1718 ἢ
258 1660 429 1707 τούτων
474 1660 612 1722 φύσις
657 1660 893 1708 πνεόντων
936 1663 1014 1707 ἐπὶ
1052 1664 1136 1719 γῆς
1178 1666 1281 1707 τίνα
1326 1661 1501 1723 τρόπον

71 1740 313 1800 ὑφίσταται
324 1761 338 1796 ,·
376 1738 484 1784 Ἀλλ’
529 1742 619 1785 εἰσί
643 1756 760 1790 τινες
798 1741 982 1796 ἀνέμων
1010 1743 1252 1801 θησαυροὶ,
1283 1740 1499 1800 πνευμά-

70 1835 161 1864 των
188 1821 442 1878 θησαυροὶ,
494 1820 677 1876 πνεῦμα
717 1823 885 1877 σοφίας
914 1820 993 1862 καὶ
1021 1821 1266 1876 συνέσεως,
1313 1823 1501 1879 πνεῦμα

68 1899 234 1955 βουλῆς
285 1900 362 1940 καὶ
416 1895 593 1954 ἰσχύος,
647 1899 834 1954 πνεῦμα
874 1894 1086 1954 γνώσεως
1132 1901 1209 1941 καὶ
1255 1898 1497 1957 εὐσεβείας,

68 1978 254 2033 πνεῦμα
293 1972 443 2034 φόβου
481 1977 619 2033 θεοῦ,
661 1977 846 2035 πνεῦμα
891 1973 1150 2035 δυνάμεως,
1194 1977 1270 2019 καὶ
1302 1974 1496 2035 ἀγάπης,

69 2056 148 2099 καὶ
178 2055 525 2113 σωφρονισμοῦ.
597 2057 692 2097 Καὶ
730 2051 926 2099 δύνασαι
967 2051 1100 2103 αὐτὸς
1132 2053 1223 2098 ἀπὸ
1254 2058 1346 2100 ’τῶν
1373 2073 1493 2117 γρα-

71 2136 176 2192 φῶν
205 2137 487 2191 συναγαγεῖν
515 2130 619 2182 τοῦς
647 2131 848 2190 ἀνέμους
876 2130 1075 2182 τούτους.
1155 2130 1222 2176 Τὰ
1252 2131 1494 2190 πνεύματα

72 2213 213 2255 ταῦτα
243 2211 293 2255 ἐν
323 2216 570 2270 θησαυροῖς
599 2211 744 2256 ἔστιν·
779 2212 821 2255 οἱ
850 2213 1079 2269 θησαυροὶ
1107 2215 1225 2261 τίνες
1254 2215 1391 2265 εῗσίν;
1418 2212 1498 2256 Ἐν

74 2281 109 2347 ᾧ
139 2291 253 2334 εῗσιν
284 2291 327 2332 οἱ
353 2292 579 2347 θησαυροὶ
623 2293 699 2344 τῆς
732 2294 910 2349 ’σοφίας
938 2292 1015 2334 καὶ
1045 2287 1256 2348 γνώσεως
1287 2288 1495 2349 ἀπόκρυ-

73 2383 181 2426 φοι,·
217 2356 351 2410 Οὗτοι
382 2369 425 2410 οἱ
452 2370 678 2424 θησαυροὶ
709 2368 759 2412 ἒν
790 2370 976 2429 Χριστῷ
1007 2369 1135 2412 εἰσιν.
1175 2367 1381 2414 Ἐκεῖθεν
1412 2363 1498 2415 οὖν

71 2447 280 2504 ἔρχονται
312 2445 354 2488 οἱ
387 2440 548 2502 ἄνεμοι
589 2437 738 2501 οὗτοι,
785 2444 840 2490 τὰ
886 2444 1126 2503 πνεύματα
1167 2449 1328 2503 ταῦτα,
1375 2448 1429 2492 ἵν’
1474 2448 1497 2492 6

73 2526 159 2581 μέν
188 2540 252 2572 τις
280 2514 305 2582 ᾗ
338 2520 496 2580 σοφὸς,
530 2520 552 2565 6
584 2523 634 2567 δὲ
663 2523 845 2581 πιστὸς,
878 2522 900 2569 6
934 2525 988 2569 δέ
1013 2541 1077 2574 τις
1105 2517 1130 2586 ᾗ
1161 2526 1280 2583 ἔχων
1307 2529 1496 2584 γνῶσιν,

77 2791 131 2847 (C
191 2735 203 2759 ¹
260 2733 355 2846 {3513
396 2734 549 2774 Jerem.
596 2733 658 2785 X,
708 2733 773 2778 13.
821 2735 919 2776 coll.
969 2736 1122 2779 Psalm.
1183 2735 1404 2805 CXXXV,
1456 2738 1493 2782 7.

190 2860 233 2916 ²)
263 2859 316 2902 H.
349 2860 400 2902 ad
430 2859 680 2915 marginem:
712 2861 898 2914 „scribez
930 2866 1056 2909 καί.“
