<?xml version="1.0" encoding="UTF-8"?>
<!DOCTYPE html PUBLIC "-//W3C//DTD XHTML 1.0 Transitional//EN"
    "http://www.w3.org/TR/xhtml1/DTD/xhtml1-transitional.dtd">
<html xmlns="http://www.w3.org/1999/xhtml" xml:lang="en" lang="en">
 <head>
  <title>
</title>
<meta http-equiv="Content-Type" content="text/html;charset=utf-8" />
  <meta name='ocr-system' content='tesseract 3.04.00' />
  <meta name='ocr-capabilities' content='ocr_page ocr_carea ocr_par ocr_line ocrx_word'/>
</head>
<body>
  <div class='ocr_page' id='page_1' title='image "./operaomniaquaegr15orig/operaomniaquaegr15orig_0430.png"; bbox 0 0 1763 3112; ppageno 0'>
   <div class='ocr_carea' id='block_1_1' title="bbox 286 65 1281 114">
    <p class='ocr_par' dir='ltr' id='par_1_1' title="bbox 286 65 1281 114">
     <span class='ocr_line' id='line_1_1' title="bbox 286 65 1281 114; baseline -0.006 0"><span class='ocrx_word' id='word_1_1' title='bbox 286 68 370 114; x_wconf 77' lang='lat'>416</span> <span class='ocrx_word' id='word_1_2' title='bbox 714 67 935 110; x_wconf 72' lang='lat' dir='ltr'>OmGssms</span> <span class='ocrx_word' id='word_1_3' title='bbox 965 80 1011 110; x_wconf 77' lang='lat' dir='ltr'>m</span> <span class='ocrx_word' id='word_1_4' title='bbox 1040 65 1281 110; x_wconf 68' lang='lat' dir='ltr'>Jssanmmm</span> 
     </span>
    </p>
   </div>
   <div class='ocr_carea' id='block_1_2' title="bbox 287 178 1729 2419">
    <p class='ocr_par' dir='ltr' id='par_1_2' title="bbox 287 178 1729 2419">
     <span class='ocr_line' id='line_1_2' title="bbox 289 178 1714 236; baseline -0.004 -13"><span class='ocrx_word' id='word_1_5' title='bbox 289 182 392 232; x_wconf 86' lang='lat' dir='ltr'>cina,</span> <span class='ocrx_word' id='word_1_6' title='bbox 423 192 470 222; x_wconf 88' lang='lat' dir='ltr'>ut</span> <span class='ocrx_word' id='word_1_7' title='bbox 498 180 680 222; x_wconf 87' lang='lat' dir='ltr'>animam</span> <span class='ocrx_word' id='word_1_8' title='bbox 712 196 949 221; x_wconf 84' lang='lat' dir='ltr'>curaremus</span> <span class='ocrx_word' id='word_1_9' title='bbox 981 180 1226 220; x_wconf 84' lang='lat' dir='ltr'>humanam:</span> <span class='ocrx_word' id='word_1_10' title='bbox 1259 179 1524 220; x_wconf 86' lang='lat' dir='ltr'>adhibuimus</span> <span class='ocrx_word' id='word_1_11' title='bbox 1551 178 1714 236; x_wconf 77' lang='lat' dir='ltr'>adjuto·</span> 
     </span>
     <span class='ocr_line' id='line_1_3' title="bbox 288 258 1714 315; baseline -0.004 -14"><span class='ocrx_word' id='word_1_12' title='bbox 288 260 414 311; x_wconf 88' lang='lat' dir='ltr'>rium,</span> <span class='ocrx_word' id='word_1_13' title='bbox 443 258 700 300; x_wconf 80' lang='lat' dir='ltr'>medicinam</span> <span class='ocrx_word' id='word_1_14' title='bbox 731 258 1025 315; x_wconf 77' lang='lat' dir='ltr'>imposuimus,</span> <span class='ocrx_word' id='word_1_15' title='bbox 1056 258 1239 299; x_wconf 89' lang='lat' dir='ltr'>multum</span> <span class='ocrx_word' id='word_1_16' title='bbox 1269 269 1490 298; x_wconf 78' lang='lat' dir='ltr'>contumax</span> <span class='ocrx_word' id='word_1_17' title='bbox 1524 267 1597 305; x_wconf 84' lang='lat' dir='ltr'>est,</span> <span class='ocrx_word' id='word_1_18' title='bbox 1627 271 1714 296; x_wconf 91' lang='lat' dir='ltr'>non</span> 
     </span>
     <span class='ocr_line' id='line_1_4' title="bbox 288 336 1715 393; baseline -0.004 -15"><span class='ocrx_word' id='word_1_19' title='bbox 288 338 380 378; x_wconf 85' lang='lat' dir='ltr'>vult</span> <span class='ocrx_word' id='word_1_20' title='bbox 411 339 658 387; x_wconf 82' lang='lat' dir='ltr'>observare,</span> <span class='ocrx_word' id='word_1_21' title='bbox 700 338 815 393; x_wconf 89' lang='lat' dir='ltr'>quod</span> <span class='ocrx_word' id='word_1_22' title='bbox 847 337 1046 386; x_wconf 87' lang='lat' dir='ltr'>dicimus,</span> <span class='ocrx_word' id='word_1_23' title='bbox 1088 336 1274 377; x_wconf 81' lang='lat' dir='ltr'>studium</span> <span class='ocrx_word' id='word_1_24' title='bbox 1311 348 1504 377; x_wconf 84' lang='lat' dir='ltr'>nostrum</span> <span class='ocrx_word' id='word_1_25' title='bbox 1534 350 1621 375; x_wconf 89' lang='lat' dir='ltr'>non</span> <span class='ocrx_word' id='word_1_26' title='bbox 1652 348 1715 374; x_wconf 89' lang='lat' dir='ltr'>se-</span> 
     </span>
     <span class='ocr_line' id='line_1_5' title="bbox 290 414 1716 472; baseline -0.004 -16"><span class='ocrx_word' id='word_1_27' title='bbox 290 415 434 472; x_wconf 86' lang='lat' dir='ltr'>quitur</span> <span class='ocrx_word' id='word_1_28' title='bbox 465 416 654 463; x_wconf 78' lang='lat' dir='ltr'>effectus.</span> <span class='ocrx_word' id='word_1_29' title='bbox 717 414 1105 471; x_wconf 86' lang='lat' dir='ltr'>„Relinquamus¹)</span> <span class='ocrx_word' id='word_1_30' title='bbox 1140 430 1251 464; x_wconf 88' lang='lat' dir='ltr'>eam,</span> <span class='ocrx_word' id='word_1_31' title='bbox 1294 427 1334 455; x_wconf 92' lang='lat' dir='ltr'>et</span> <span class='ocrx_word' id='word_1_32' title='bbox 1365 415 1560 455; x_wconf 88' lang='lat' dir='ltr'>abeamus</span> <span class='ocrx_word' id='word_1_33' title='bbox 1590 427 1716 452; x_wconf 86' lang='lat' dir='ltr'>unus-</span> 
     </span>
     <span class='ocr_line' id='line_1_6' title="bbox 290 491 1716 551; baseline -0.004 -17"><span class='ocrx_word' id='word_1_34' title='bbox 290 494 465 551; x_wconf 85' lang='lat' dir='ltr'>quisque</span> <span class='ocrx_word' id='word_1_35' title='bbox 498 493 540 533; x_wconf 88' lang='lat' dir='ltr'>in</span> <span class='ocrx_word' id='word_1_36' title='bbox 571 504 726 533; x_wconf 87' lang='lat' dir='ltr'>terram</span> <span class='ocrx_word' id='word_1_37' title='bbox 757 499 932 534; x_wconf 86' lang='lat' dir='ltr'>suam:“</span> <span class='ocrx_word' id='word_1_38' title='bbox 975 492 1019 532; x_wconf 86' lang='lat' dir='ltr'>id</span> <span class='ocrx_word' id='word_1_39' title='bbox 1051 504 1134 541; x_wconf 90' lang='lat' dir='ltr'>est,</span> <span class='ocrx_word' id='word_1_40' title='bbox 1181 493 1461 533; x_wconf 86' lang='lat' dir='ltr'>domesticum</span> <span class='ocrx_word' id='word_1_41' title='bbox 1505 491 1648 531; x_wconf 89' lang='lat' dir='ltr'>locum</span> <span class='ocrx_word' id='word_1_42' title='bbox 1676 500 1716 530; x_wconf 89' lang='lat' dir='ltr'>et</span> 
     </span>
     <span class='ocr_line' id='line_1_7' title="bbox 287 567 1714 627; baseline -0.004 -15"><span class='ocrx_word' id='word_1_43' title='bbox 287 571 526 627; x_wconf 85' lang='lat' dir='ltr'>proprium.</span> <span class='ocrx_word' id='word_1_44' title='bbox 589 569 699 611; x_wconf 76' lang='lat' dir='ltr'>Cave</span> <span class='ocrx_word' id='word_1_45' title='bbox 729 571 883 621; x_wconf 86' lang='lat' dir='ltr'>homo,</span> <span class='ocrx_word' id='word_1_46' title='bbox 914 586 966 610; x_wconf 90' lang='lat' dir='ltr'>ne</span> <span class='ocrx_word' id='word_1_47' title='bbox 998 570 1166 626; x_wconf 89' lang='lat' dir='ltr'>quando</span> <span class='ocrx_word' id='word_1_48' title='bbox 1199 569 1409 626; x_wconf 83' lang='lat' dir='ltr'>relinquat</span> <span class='ocrx_word' id='word_1_49' title='bbox 1439 581 1479 610; x_wconf 90' lang='lat' dir='ltr'>te</span> <span class='ocrx_word' id='word_1_50' title='bbox 1511 567 1714 616; x_wconf 89' lang='lat' dir='ltr'>medicus,</span> 
     </span>
     <span class='ocr_line' id='line_1_8' title="bbox 289 645 1718 710; baseline -0.004 -19"><span class='ocrx_word' id='word_1_51' title='bbox 289 649 374 691; x_wconf 82' lang='lat' dir='ltr'>sive</span> <span class='ocrx_word' id='word_1_52' title='bbox 407 648 575 710; x_wconf 80' lang='lat' dir='ltr'>angelus</span> <span class='ocrx_word' id='word_1_53' title='bbox 608 647 714 698; x_wconf 86' lang='lat' dir='ltr'>Dei,</span> <span class='ocrx_word' id='word_1_54' title='bbox 761 648 847 689; x_wconf 84' lang='lat' dir='ltr'>sive</span> <span class='ocrx_word' id='word_1_55' title='bbox 879 647 1119 704; x_wconf 80' lang='lat' dir='ltr'>quicunque</span> <span class='ocrx_word' id='word_1_56' title='bbox 1157 647 1405 699; x_wconf 86' lang='lat' dir='ltr'>hominum,</span> <span class='ocrx_word' id='word_1_57' title='bbox 1450 646 1516 688; x_wconf 89' lang='lat' dir='ltr'>cui</span> <span class='ocrx_word' id='word_1_58' title='bbox 1559 645 1718 687; x_wconf 89' lang='lat' dir='ltr'>credita</span> 
     </span>
     <span class='ocr_line' id='line_1_9' title="bbox 290 713 1717 768; baseline -0.004 0"><span class='ocrx_word' id='word_1_59' title='bbox 290 739 351 768; x_wconf 89' lang='lat' dir='ltr'>est</span> <span class='ocrx_word' id='word_1_60' title='bbox 383 743 479 767; x_wconf 90' lang='lat' dir='ltr'>cura</span> <span class='ocrx_word' id='word_1_61' title='bbox 503 713 749 768; x_wconf 77' lang='lat' dir='ltr'>sermonum</span> <span class='ocrx_word' id='word_1_62' title='bbox 779 727 833 767; x_wconf 91' lang='lat' dir='ltr'>ad</span> <span class='ocrx_word' id='word_1_63' title='bbox 862 726 1006 768; x_wconf 90' lang='lat' dir='ltr'>salutis</span> <span class='ocrx_word' id='word_1_64' title='bbox 1036 725 1291 766; x_wconf 82' lang='lat' dir='ltr'>medicinam</span> <span class='ocrx_word' id='word_1_65' title='bbox 1324 725 1608 766; x_wconf 88' lang='lat' dir='ltr'>deferendam.</span> <span class='ocrx_word' id='word_1_66' title='bbox 1670 722 1717 765; x_wconf 92' lang='lat' dir='ltr'>Si</span> 
     </span>
     <span class='ocr_line' id='line_1_10' title="bbox 294 800 1718 861; baseline -0.003 -16"><span class='ocrx_word' id='word_1_67' title='bbox 294 805 408 846; x_wconf 89' lang='lat' dir='ltr'>enim</span> <span class='ocrx_word' id='word_1_68' title='bbox 438 817 479 845; x_wconf 92' lang='lat' dir='ltr'>te</span> <span class='ocrx_word' id='word_1_69' title='bbox 512 804 818 861; x_wconf 82' lang='lat' dir='ltr'>dereliquerint</span> <span class='ocrx_word' id='word_1_70' title='bbox 849 816 890 845; x_wconf 90' lang='lat' dir='ltr'>et</span> <span class='ocrx_word' id='word_1_71' title='bbox 922 803 1121 845; x_wconf 79' lang='lat' dir='ltr'>dixerint:</span> <span class='ocrx_word' id='word_1_72' title='bbox 1163 803 1458 859; x_wconf 86' lang='lat' dir='ltr'>„abeamus²)</span> <span class='ocrx_word' id='word_1_73' title='bbox 1498 800 1718 857; x_wconf 83' lang='lat' dir='ltr'>unusquis·</span> 
     </span>
     <span class='ocr_line' id='line_1_11' title="bbox 291 879 1719 940; baseline -0.002 -17"><span class='ocrx_word' id='word_1_74' title='bbox 291 899 373 940; x_wconf 86' lang='lat' dir='ltr'>que</span> <span class='ocrx_word' id='word_1_75' title='bbox 404 883 447 923; x_wconf 89' lang='lat' dir='ltr'>in</span> <span class='ocrx_word' id='word_1_76' title='bbox 478 894 633 923; x_wconf 90' lang='lat' dir='ltr'>terram</span> <span class='ocrx_word' id='word_1_77' title='bbox 665 898 794 931; x_wconf 86' lang='lat' dir='ltr'>suam,</span> <span class='ocrx_word' id='word_1_78' title='bbox 828 881 926 937; x_wconf 88' lang='lat' dir='ltr'>quia</span> <span class='ocrx_word' id='word_1_79' title='bbox 957 880 1315 937; x_wconf 74' lang='lat' dir='ltr'>appropinquavit</span> <span class='ocrx_word' id='word_1_80' title='bbox 1344 880 1386 921; x_wconf 87' lang='lat' dir='ltr'>in</span> <span class='ocrx_word' id='word_1_81' title='bbox 1419 881 1588 922; x_wconf 84' lang='lat' dir='ltr'>coelum</span> <span class='ocrx_word' id='word_1_82' title='bbox 1609 879 1719 938; x_wconf 74' lang='lat' dir='ltr'>judi-</span> 
     </span>
     <span class='ocr_line' id='line_1_12' title="bbox 293 959 1720 1019; baseline -0.003 -17"><span class='ocrx_word' id='word_1_83' title='bbox 293 961 406 1002; x_wconf 90' lang='lat' dir='ltr'>cium</span> <span class='ocrx_word' id='word_1_84' title='bbox 438 962 584 1019; x_wconf 83' lang='lat' dir='ltr'>ejus:“</span> <span class='ocrx_word' id='word_1_85' title='bbox 615 959 885 1000; x_wconf 86' lang='lat' dir='ltr'>manifestum</span> <span class='ocrx_word' id='word_1_86' title='bbox 917 970 999 1009; x_wconf 89' lang='lat' dir='ltr'>est,</span> <span class='ocrx_word' id='word_1_87' title='bbox 1043 959 1141 1015; x_wconf 88' lang='lat' dir='ltr'>quia</span> <span class='ocrx_word' id='word_1_88' title='bbox 1179 959 1385 1000; x_wconf 84' lang='lat' dir='ltr'>abscessio</span> <span class='ocrx_word' id='word_1_89' title='bbox 1431 975 1578 1000; x_wconf 90' lang='lat' dir='ltr'>eorum</span> <span class='ocrx_word' id='word_1_90' title='bbox 1620 974 1720 1001; x_wconf 91' lang='lat' dir='ltr'>con-</span> 
     </span>
     <span class='ocr_line' id='line_1_13' title="bbox 295 1035 1718 1093; baseline -0.004 -13"><span class='ocrx_word' id='word_1_91' title='bbox 295 1039 507 1080; x_wconf 86' lang='lat' dir='ltr'>demnatio</span> <span class='ocrx_word' id='word_1_92' title='bbox 547 1050 618 1079; x_wconf 90' lang='lat' dir='ltr'>tua</span> <span class='ocrx_word' id='word_1_93' title='bbox 657 1037 733 1088; x_wconf 89' lang='lat' dir='ltr'>sit,</span> <span class='ocrx_word' id='word_1_94' title='bbox 773 1048 821 1077; x_wconf 91' lang='lat' dir='ltr'>ut</span> <span class='ocrx_word' id='word_1_95' title='bbox 859 1036 1203 1087; x_wconf 83' lang='lat' dir='ltr'>irremediabilis,</span> <span class='ocrx_word' id='word_1_96' title='bbox 1257 1036 1527 1093; x_wconf 84' lang='lat' dir='ltr'>nolentisque</span> <span class='ocrx_word' id='word_1_97' title='bbox 1570 1035 1718 1077; x_wconf 90' lang='lat' dir='ltr'>curari.</span> 
     </span>
     <span class='ocr_line' id='line_1_14' title="bbox 296 1114 1720 1171; baseline -0.004 -13"><span class='ocrx_word' id='word_1_98' title='bbox 296 1117 405 1158; x_wconf 87' lang='lat' dir='ltr'>Cum</span> <span class='ocrx_word' id='word_1_99' title='bbox 436 1127 577 1157; x_wconf 83' lang='lat' dir='ltr'>autem</span> <span class='ocrx_word' id='word_1_100' title='bbox 606 1128 647 1156; x_wconf 89' lang='lat' dir='ltr'>te</span> <span class='ocrx_word' id='word_1_101' title='bbox 682 1114 1022 1167; x_wconf 80' lang='lat' dir='ltr'>deseruerint,3)</span> <span class='ocrx_word' id='word_1_102' title='bbox 1064 1114 1166 1171; x_wconf 83' lang='lat' dir='ltr'>quid</span> <span class='ocrx_word' id='word_1_103' title='bbox 1205 1114 1284 1155; x_wconf 83' lang='lat' dir='ltr'>tibi</span> <span class='ocrx_word' id='word_1_104' title='bbox 1325 1114 1441 1155; x_wconf 87' lang='lat' dir='ltr'>aliud</span> <span class='ocrx_word' id='word_1_105' title='bbox 1473 1127 1720 1156; x_wconf 80' lang='lat' dir='ltr'>eventurum</span> 
     </span>
     <span class='ocr_line' id='line_1_15' title="bbox 295 1191 1723 1249; baseline -0.001 -15"><span class='ocrx_word' id='word_1_106' title='bbox 295 1205 368 1245; x_wconf 87' lang='lat' dir='ltr'>est,</span> <span class='ocrx_word' id='word_1_107' title='bbox 400 1193 480 1235; x_wconf 85' lang='lat' dir='ltr'>nisi</span> <span class='ocrx_word' id='word_1_108' title='bbox 510 1194 627 1249; x_wconf 86' lang='lat' dir='ltr'>quod</span> <span class='ocrx_word' id='word_1_109' title='bbox 659 1193 768 1234; x_wconf 88' lang='lat' dir='ltr'>solet</span> <span class='ocrx_word' id='word_1_110' title='bbox 798 1191 861 1232; x_wconf 85' lang='lat' dir='ltr'>his</span> <span class='ocrx_word' id='word_1_111' title='bbox 891 1192 1105 1242; x_wconf 87' lang='lat' dir='ltr'>accidere,</span> <span class='ocrx_word' id='word_1_112' title='bbox 1138 1193 1210 1249; x_wconf 85' lang='lat' dir='ltr'>qui</span> <span class='ocrx_word' id='word_1_113' title='bbox 1241 1209 1264 1233; x_wconf 87' lang='lat' dir='ltr'>a</span> <span class='ocrx_word' id='word_1_114' title='bbox 1293 1192 1467 1233; x_wconf 88' lang='lat' dir='ltr'>medicis</span> <span class='ocrx_word' id='word_1_115' title='bbox 1500 1194 1723 1248; x_wconf 85' lang='lat' dir='ltr'>desperan-</span> 
     </span>
     <span class='ocr_line' id='line_1_16' title="bbox 293 1269 1723 1326; baseline -0.001 -15"><span class='ocrx_word' id='word_1_116' title='bbox 293 1283 376 1324; x_wconf 89' lang='lat' dir='ltr'>tur,</span> <span class='ocrx_word' id='word_1_117' title='bbox 407 1282 573 1312; x_wconf 89' lang='lat' dir='ltr'>utentes</span> <span class='ocrx_word' id='word_1_118' title='bbox 605 1271 823 1312; x_wconf 71' lang='lat' dir='ltr'>voluntate</span> <span class='ocrx_word' id='word_1_119' title='bbox 854 1270 997 1312; x_wconf 86' lang='lat' dir='ltr'>morbi</span> <span class='ocrx_word' id='word_1_120' title='bbox 1026 1269 1111 1320; x_wconf 89' lang='lat' dir='ltr'>sui,</span> <span class='ocrx_word' id='word_1_121' title='bbox 1141 1282 1188 1310; x_wconf 91' lang='lat' dir='ltr'>ut</span> <span class='ocrx_word' id='word_1_122' title='bbox 1218 1271 1272 1310; x_wconf 89' lang='lat' dir='ltr'>ad</span> <span class='ocrx_word' id='word_1_123' title='bbox 1299 1270 1449 1326; x_wconf 84' lang='lat' dir='ltr'>pejora</span> <span class='ocrx_word' id='word_1_124' title='bbox 1479 1270 1723 1322; x_wconf 80' lang='lat' dir='ltr'>demergan-</span> 
     </span>
     <span class='ocr_line' id='line_1_17' title="bbox 296 1347 1723 1390; baseline 0 -2"><span class='ocrx_word' id='word_1_125' title='bbox 296 1347 391 1390; x_wconf 84' lang='lat' dir='ltr'>tur?</span> <span class='ocrx_word' id='word_1_126' title='bbox 449 1348 520 1390; x_wconf 87' lang='lat' dir='ltr'>Sic</span> <span class='ocrx_word' id='word_1_127' title='bbox 562 1360 602 1390; x_wconf 89' lang='lat' dir='ltr'>et</span> <span class='ocrx_word' id='word_1_128' title='bbox 639 1348 702 1389; x_wconf 88' lang='lat' dir='ltr'>his</span> <span class='ocrx_word' id='word_1_129' title='bbox 742 1348 938 1390; x_wconf 86' lang='lat' dir='ltr'>similiter</span> <span class='ocrx_word' id='word_1_130' title='bbox 978 1348 1021 1388; x_wconf 87' lang='lat' dir='ltr'>in</span> <span class='ocrx_word' id='word_1_131' title='bbox 1063 1347 1365 1389; x_wconf 88' lang='lat' dir='ltr'>consuetudine</span> <span class='ocrx_word' id='word_1_132' title='bbox 1405 1347 1522 1388; x_wconf 87' lang='lat' dir='ltr'>istius</span> <span class='ocrx_word' id='word_1_133' title='bbox 1561 1348 1670 1388; x_wconf 81' lang='lat' dir='ltr'>vitae</span> <span class='ocrx_word' id='word_1_134' title='bbox 1700 1362 1723 1387; x_wconf 90' lang='lat' dir='ltr'>a</span> 
     </span>
     <span class='ocr_line' id='line_1_18' title="bbox 294 1424 1725 1483; baseline -0.001 -17"><span class='ocrx_word' id='word_1_135' title='bbox 294 1427 577 1482; x_wconf 84' lang='lat' dir='ltr'>prudentibus</span> <span class='ocrx_word' id='word_1_136' title='bbox 608 1426 796 1467; x_wconf 88' lang='lat' dir='ltr'>medicis.</span> <span class='ocrx_word' id='word_1_137' title='bbox 856 1426 1034 1468; x_wconf 83' lang='lat' dir='ltr'>Accedit</span> <span class='ocrx_word' id='word_1_138' title='bbox 1064 1426 1214 1483; x_wconf 88' lang='lat' dir='ltr'>aliquis</span> <span class='ocrx_word' id='word_1_139' title='bbox 1255 1441 1404 1466; x_wconf 88' lang='lat' dir='ltr'>eorum</span> <span class='ocrx_word' id='word_1_140' title='bbox 1443 1425 1495 1466; x_wconf 88' lang='lat' dir='ltr'>ad</span> <span class='ocrx_word' id='word_1_141' title='bbox 1526 1424 1725 1477; x_wconf 85' lang='lat' dir='ltr'>languen-</span> 
     </span>
     <span class='ocr_line' id='line_1_19' title="bbox 295 1503 1723 1561; baseline -0.001 -17"><span class='ocrx_word' id='word_1_142' title='bbox 295 1515 406 1546; x_wconf 88' lang='lat' dir='ltr'>tem:</span> <span class='ocrx_word' id='word_1_143' title='bbox 440 1517 642 1561; x_wconf 81' lang='lat' dir='ltr'>quantum</span> <span class='ocrx_word' id='word_1_144' title='bbox 671 1520 733 1545; x_wconf 87' lang='lat' dir='ltr'>ars</span> <span class='ocrx_word' id='word_1_145' title='bbox 764 1504 948 1560; x_wconf 88' lang='lat' dir='ltr'>patitur,</span> <span class='ocrx_word' id='word_1_146' title='bbox 989 1516 1029 1545; x_wconf 88' lang='lat' dir='ltr'>et</span> <span class='ocrx_word' id='word_1_147' title='bbox 1066 1503 1290 1554; x_wconf 87' lang='lat' dir='ltr'>industria,</span> <span class='ocrx_word' id='word_1_148' title='bbox 1330 1503 1610 1545; x_wconf 84' lang='lat' dir='ltr'>medicamina</span> <span class='ocrx_word' id='word_1_149' title='bbox 1637 1518 1723 1543; x_wconf 87' lang='lat' dir='ltr'>non</span> 
     </span>
     <span class='ocr_line' id='line_1_20' title="bbox 297 1582 1727 1638; baseline -0.002 -15"><span class='ocrx_word' id='word_1_150' title='bbox 297 1594 475 1623; x_wconf 83' lang='lat' dir='ltr'>cessant:</span> <span class='ocrx_word' id='word_1_151' title='bbox 508 1583 583 1623; x_wconf 87' lang='lat' dir='ltr'>sed</span> <span class='ocrx_word' id='word_1_152' title='bbox 612 1582 647 1624; x_wconf 85' lang='lat' dir='ltr'>si</span> <span class='ocrx_word' id='word_1_153' title='bbox 677 1594 748 1623; x_wconf 85' lang='lat' dir='ltr'>aut</span> <span class='ocrx_word' id='word_1_154' title='bbox 777 1582 995 1636; x_wconf 86' lang='lat' dir='ltr'>aegritudo</span> <span class='ocrx_word' id='word_1_155' title='bbox 1027 1593 1143 1622; x_wconf 87' lang='lat' dir='ltr'>tanta</span> <span class='ocrx_word' id='word_1_156' title='bbox 1172 1582 1247 1635; x_wconf 87' lang='lat' dir='ltr'>sit,</span> <span class='ocrx_word' id='word_1_157' title='bbox 1287 1594 1334 1623; x_wconf 91' lang='lat' dir='ltr'>ut</span> <span class='ocrx_word' id='word_1_158' title='bbox 1373 1593 1579 1638; x_wconf 84' lang='lat' dir='ltr'>repugnet</span> <span class='ocrx_word' id='word_1_159' title='bbox 1610 1595 1727 1621; x_wconf 85' lang='lat' dir='ltr'>cura-</span> 
     </span>
     <span class='ocr_line' id='line_1_21' title="bbox 296 1659 1726 1717; baseline -0.001 -17"><span class='ocrx_word' id='word_1_160' title='bbox 296 1660 419 1712; x_wconf 90' lang='lat' dir='ltr'>tioni,</span> <span class='ocrx_word' id='word_1_161' title='bbox 452 1672 522 1702; x_wconf 86' lang='lat' dir='ltr'>aut</span> <span class='ocrx_word' id='word_1_162' title='bbox 552 1660 641 1717; x_wconf 86' lang='lat' dir='ltr'>ipse</span> <span class='ocrx_word' id='word_1_163' title='bbox 682 1660 889 1702; x_wconf 89' lang='lat' dir='ltr'>invalidus</span> <span class='ocrx_word' id='word_1_164' title='bbox 930 1677 1007 1717; x_wconf 89' lang='lat' dir='ltr'>per</span> <span class='ocrx_word' id='word_1_165' title='bbox 1035 1659 1344 1716; x_wconf 82' lang='lat' dir='ltr'>impatientiam</span> <span class='ocrx_word' id='word_1_166' title='bbox 1376 1659 1538 1701; x_wconf 83' lang='lat' dir='ltr'>doloris</span> <span class='ocrx_word' id='word_1_167' title='bbox 1581 1669 1726 1700; x_wconf 87' lang='lat' dir='ltr'>contra</span> 
     </span>
     <span class='ocr_line' id='line_1_22' title="bbox 297 1735 1725 1797; baseline -0.001 -18"><span class='ocrx_word' id='word_1_168' title='bbox 297 1737 445 1789; x_wconf 85' lang='lat' dir='ltr'>faciat,</span> <span class='ocrx_word' id='word_1_169' title='bbox 483 1755 609 1795; x_wconf 87' lang='lat' dir='ltr'>quam</span> <span class='ocrx_word' id='word_1_170' title='bbox 639 1739 836 1797; x_wconf 86' lang='lat' dir='ltr'>jubetur,</span> <span class='ocrx_word' id='word_1_171' title='bbox 877 1738 1082 1795; x_wconf 86' lang='lat' dir='ltr'>relinquit</span> <span class='ocrx_word' id='word_1_172' title='bbox 1110 1739 1327 1789; x_wconf 83' lang='lat' dir='ltr'>medicus,</span> <span class='ocrx_word' id='word_1_173' title='bbox 1359 1739 1551 1794; x_wconf 86' lang='lat' dir='ltr'>desperat</span> <span class='ocrx_word' id='word_1_174' title='bbox 1580 1735 1725 1794; x_wconf 84' lang='lat' dir='ltr'>hujus-</span> 
     </span>
     <span class='ocr_line' id='line_1_23' title="bbox 298 1813 1725 1870; baseline -0.002 -14"><span class='ocrx_word' id='word_1_175' title='bbox 298 1815 419 1857; x_wconf 86' lang='lat' dir='ltr'>modi</span> <span class='ocrx_word' id='word_1_176' title='bbox 449 1816 668 1858; x_wconf 85' lang='lat' dir='ltr'>hominem</span> <span class='ocrx_word' id='word_1_177' title='bbox 700 1830 741 1858; x_wconf 90' lang='lat' dir='ltr'>et</span> <span class='ocrx_word' id='word_1_178' title='bbox 771 1817 954 1869; x_wconf 85' lang='lat' dir='ltr'>recedit,</span> <span class='ocrx_word' id='word_1_179' title='bbox 994 1833 1045 1857; x_wconf 89' lang='lat' dir='ltr'>ne</span> <span class='ocrx_word' id='word_1_180' title='bbox 1077 1817 1187 1858; x_wconf 90' lang='lat' dir='ltr'>inter</span> <span class='ocrx_word' id='word_1_181' title='bbox 1215 1833 1362 1858; x_wconf 91' lang='lat' dir='ltr'>manus</span> <span class='ocrx_word' id='word_1_182' title='bbox 1393 1831 1485 1856; x_wconf 88' lang='lat' dir='ltr'>suas</span> <span class='ocrx_word' id='word_1_183' title='bbox 1517 1813 1725 1870; x_wconf 83' lang='lat' dir='ltr'>exspirans</span> 
     </span>
     <span class='ocr_line' id='line_1_24' title="bbox 300 1892 1726 1952; baseline -0.004 -16"><span class='ocrx_word' id='word_1_184' title='bbox 300 1910 466 1936; x_wconf 84' lang='lat' dir='ltr'>causam</span> <span class='ocrx_word' id='word_1_185' title='bbox 494 1894 687 1936; x_wconf 88' lang='lat' dir='ltr'>interitus</span> <span class='ocrx_word' id='word_1_186' title='bbox 729 1895 816 1952; x_wconf 85' lang='lat' dir='ltr'>ejus</span> <span class='ocrx_word' id='word_1_187' title='bbox 857 1896 909 1936; x_wconf 90' lang='lat' dir='ltr'>ad</span> <span class='ocrx_word' id='word_1_188' title='bbox 955 1911 997 1935; x_wconf 92' lang='lat' dir='ltr'>se</span> <span class='ocrx_word' id='word_1_189' title='bbox 1030 1906 1286 1951; x_wconf 87' lang='lat' dir='ltr'>retorqueat.</span> <span class='ocrx_word' id='word_1_190' title='bbox 1357 1892 1404 1936; x_wconf 84' lang='lat' dir='ltr'>Si</span> <span class='ocrx_word' id='word_1_191' title='bbox 1435 1909 1532 1946; x_wconf 88' lang='lat' dir='ltr'>ergo</span> <span class='ocrx_word' id='word_1_192' title='bbox 1566 1903 1606 1933; x_wconf 88' lang='lat' dir='ltr'>et</span> <span class='ocrx_word' id='word_1_193' title='bbox 1634 1907 1726 1941; x_wconf 90' lang='lat' dir='ltr'>nos,</span> 
     </span>
     <span class='ocr_line' id='line_1_25' title="bbox 298 1971 1727 2028; baseline -0.003 -15"><span class='ocrx_word' id='word_1_194' title='bbox 298 1988 352 2013; x_wconf 88' lang='lat' dir='ltr'>ne</span> <span class='ocrx_word' id='word_1_195' title='bbox 382 1974 426 2015; x_wconf 86' lang='lat' dir='ltr'>in</span> <span class='ocrx_word' id='word_1_196' title='bbox 455 1984 697 2014; x_wconf 86' lang='lat' dir='ltr'>sanctorum</span> <span class='ocrx_word' id='word_1_197' title='bbox 727 1973 976 2026; x_wconf 88' lang='lat' dir='ltr'>angelorum</span> <span class='ocrx_word' id='word_1_198' title='bbox 1006 1972 1220 2023; x_wconf 80' lang='lat' dir='ltr'>manibus,</span> <span class='ocrx_word' id='word_1_199' title='bbox 1271 1972 1344 2028; x_wconf 87' lang='lat' dir='ltr'>qui</span> <span class='ocrx_word' id='word_1_200' title='bbox 1383 1971 1435 2011; x_wconf 87' lang='lat' dir='ltr'>ad</span> <span class='ocrx_word' id='word_1_201' title='bbox 1473 1986 1551 2010; x_wconf 90' lang='lat' dir='ltr'>nos</span> <span class='ocrx_word' id='word_1_202' title='bbox 1583 1984 1727 2009; x_wconf 86' lang='lat' dir='ltr'>curan-</span> 
     </span>
     <span class='ocr_line' id='line_1_26' title="bbox 300 2048 1727 2104; baseline -0.003 -14"><span class='ocrx_word' id='word_1_203' title='bbox 300 2050 377 2091; x_wconf 88' lang='lat' dir='ltr'>dos</span> <span class='ocrx_word' id='word_1_204' title='bbox 409 2067 431 2091; x_wconf 89' lang='lat' dir='ltr'>a</span> <span class='ocrx_word' id='word_1_205' title='bbox 459 2051 651 2092; x_wconf 85' lang='lat' dir='ltr'>Domino</span> <span class='ocrx_word' id='word_1_206' title='bbox 685 2051 880 2092; x_wconf 88' lang='lat' dir='ltr'>destinati</span> <span class='ocrx_word' id='word_1_207' title='bbox 909 2063 1026 2104; x_wconf 90' lang='lat' dir='ltr'>sunt,</span> <span class='ocrx_word' id='word_1_208' title='bbox 1070 2051 1324 2100; x_wconf 85' lang='lat' dir='ltr'>moriamur,</span> <span class='ocrx_word' id='word_1_209' title='bbox 1369 2048 1615 2103; x_wconf 89' lang='lat' dir='ltr'>relinquunt</span> <span class='ocrx_word' id='word_1_210' title='bbox 1650 2063 1727 2087; x_wconf 90' lang='lat' dir='ltr'>nos</span> 
     </span>
     <span class='ocr_line' id='line_1_27' title="bbox 300 2124 1728 2185; baseline -0.003 -17"><span class='ocrx_word' id='word_1_211' title='bbox 300 2128 569 2185; x_wconf 84' lang='lat' dir='ltr'>desperantes</span> <span class='ocrx_word' id='word_1_212' title='bbox 599 2126 780 2170; x_wconf 84' lang='lat' dir='ltr'>animam</span> <span class='ocrx_word' id='word_1_213' title='bbox 809 2141 1018 2181; x_wconf 86' lang='lat' dir='ltr'>nostram,</span> <span class='ocrx_word' id='word_1_214' title='bbox 1066 2139 1105 2168; x_wconf 89' lang='lat' dir='ltr'>et</span> <span class='ocrx_word' id='word_1_215' title='bbox 1136 2127 1273 2168; x_wconf 86' lang='lat' dir='ltr'>aiunt:</span> <span class='ocrx_word' id='word_1_216' title='bbox 1303 2143 1392 2168; x_wconf 90' lang='lat' dir='ltr'>non</span> <span class='ocrx_word' id='word_1_217' title='bbox 1432 2136 1493 2166; x_wconf 85' lang='lat' dir='ltr'>est</span> <span class='ocrx_word' id='word_1_218' title='bbox 1523 2124 1728 2177; x_wconf 86' lang='lat' dir='ltr'>malagma</span> 
     </span>
     <span class='ocr_line' id='line_1_28' title="bbox 299 2201 1729 2265; baseline -0.003 -19"><span class='ocrx_word' id='word_1_219' title='bbox 299 2205 543 2263; x_wconf 80' lang='lat' dir='ltr'>imponere,</span> <span class='ocrx_word' id='word_1_220' title='bbox 576 2224 715 2265; x_wconf 80' lang='lat' dir='ltr'>neque</span> <span class='ocrx_word' id='word_1_221' title='bbox 747 2208 915 2256; x_wconf 90' lang='lat' dir='ltr'>oleum,</span> <span class='ocrx_word' id='word_1_222' title='bbox 955 2222 1091 2262; x_wconf 91' lang='lat' dir='ltr'>neque</span> <span class='ocrx_word' id='word_1_223' title='bbox 1123 2206 1384 2260; x_wconf 83' lang='lat' dir='ltr'>alligaturas,</span> <span class='ocrx_word' id='word_1_224' title='bbox 1431 2202 1529 2259; x_wconf 85' lang='lat' dir='ltr'>quia</span> <span class='ocrx_word' id='word_1_225' title='bbox 1545 2201 1586 2259; x_wconf 66' lang='grc'>4)</span> <span class='ocrx_word' id='word_1_226' title='bbox 1628 2217 1729 2258; x_wconf 85' lang='lat' dir='ltr'>„ap-</span> 
     </span>
     <span class='ocr_line' id='line_1_29' title="bbox 299 2280 1728 2342; baseline -0.003 -17"><span class='ocrx_word' id='word_1_227' title='bbox 299 2284 605 2342; x_wconf 77' lang='lat' dir='ltr'>propinquavit</span> <span class='ocrx_word' id='word_1_228' title='bbox 644 2285 687 2326; x_wconf 91' lang='lat' dir='ltr'>in</span> <span class='ocrx_word' id='word_1_229' title='bbox 727 2285 897 2327; x_wconf 90' lang='lat' dir='ltr'>coelum</span> <span class='ocrx_word' id='word_1_230' title='bbox 941 2283 1146 2342; x_wconf 83' lang='lat' dir='ltr'>judicium</span> <span class='ocrx_word' id='word_1_231' title='bbox 1187 2282 1295 2342; x_wconf 86' lang='lat' dir='ltr'>ejus,</span> <span class='ocrx_word' id='word_1_232' title='bbox 1340 2292 1382 2323; x_wconf 90' lang='lat' dir='ltr'>et</span> <span class='ocrx_word' id='word_1_233' title='bbox 1426 2280 1635 2322; x_wconf 77' lang='lat' dir='ltr'>elevatum</span> <span class='ocrx_word' id='word_1_234' title='bbox 1668 2291 1728 2321; x_wconf 88' lang='lat' dir='ltr'>est</span> 
     </span>
     <span class='ocr_line' id='line_1_30' title="bbox 299 2362 1725 2419; baseline -0.003 -18"><span class='ocrx_word' id='word_1_235' title='bbox 299 2377 434 2418; x_wconf 84' lang='lat' dir='ltr'>usque</span> <span class='ocrx_word' id='word_1_236' title='bbox 465 2363 518 2403; x_wconf 87' lang='lat' dir='ltr'>ad</span> <span class='ocrx_word' id='word_1_237' title='bbox 547 2370 697 2405; x_wconf 89' lang='lat' dir='ltr'>astra.“</span> <span class='ocrx_word' id='word_1_238' title='bbox 759 2362 847 2418; x_wconf 82' lang='lat' dir='ltr'>Qui</span> <span class='ocrx_word' id='word_1_239' title='bbox 876 2378 1054 2419; x_wconf 84' lang='lat' dir='ltr'>parvum</span> <span class='ocrx_word' id='word_1_240' title='bbox 1083 2362 1210 2402; x_wconf 90' lang='lat' dir='ltr'>habet</span> <span class='ocrx_word' id='word_1_241' title='bbox 1224 2372 1460 2418; x_wconf 87' lang='lat' dir='ltr'>peccatum,</span> <span class='ocrx_word' id='word_1_242' title='bbox 1490 2375 1577 2400; x_wconf 92' lang='lat' dir='ltr'>non</span> <span class='ocrx_word' id='word_1_243' title='bbox 1594 2373 1725 2414; x_wconf 88' lang='lat' dir='ltr'>usque</span> 
     </span>
    </p>
   </div>
   <div class='ocr_carea' id='block_1_3' title="bbox 301 2436 1726 2499">
    <p class='ocr_par' dir='ltr' id='par_1_3' title="bbox 301 2436 1726 2499">
     <span class='ocr_line' id='line_1_31' title="bbox 301 2436 1726 2499; baseline -0.003 -18"><span class='ocrx_word' id='word_1_244' title='bbox 301 2440 355 2481; x_wconf 87' lang='lat' dir='ltr'>ad</span> <span class='ocrx_word' id='word_1_245' title='bbox 387 2441 556 2482; x_wconf 89' lang='lat' dir='ltr'>coelum</span> <span class='ocrx_word' id='word_1_246' title='bbox 588 2453 629 2483; x_wconf 88' lang='lat' dir='ltr'>et</span> <span class='ocrx_word' id='word_1_247' title='bbox 658 2441 796 2483; x_wconf 88' lang='lat' dir='ltr'>sidera</span> <span class='ocrx_word' id='word_1_248' title='bbox 834 2439 1041 2498; x_wconf 81' lang='lat' dir='ltr'>judicium</span> <span class='ocrx_word' id='word_1_249' title='bbox 1080 2439 1167 2499; x_wconf 86' lang='lat' dir='ltr'>ejus</span> <span class='ocrx_word' id='word_1_250' title='bbox 1208 2439 1394 2481; x_wconf 85' lang='lat' dir='ltr'>effertur.</span> <span class='ocrx_word' id='word_1_251' title='bbox 1415 2438 1457 2494; x_wconf 87' lang='lat'>⁵)</span> <span class='ocrx_word' id='word_1_252' title='bbox 1515 2436 1726 2479; x_wconf 84' lang='lat' dir='ltr'>Pusillum</span> 
     </span>
    </p>
   </div>
   <div class='ocr_carea' id='block_1_4' title="bbox 420 2619 1394 2892">
    <p class='ocr_par' dir='ltr' id='par_1_4' title="bbox 420 2619 1394 2751">
     <span class='ocr_line' id='line_1_32' title="bbox 421 2619 1394 2681; baseline -0.004 -15"><span class='ocrx_word' id='word_1_253' title='bbox 421 2623 463 2681; x_wconf 83' lang='lat'>¹)</span> <span class='ocrx_word' id='word_1_254' title='bbox 493 2623 647 2666; x_wconf 85' lang='lat' dir='ltr'>Jerem.</span> <span class='ocrx_word' id='word_1_255' title='bbox 677 2624 748 2674; x_wconf 91' lang='lat' dir='ltr'>LI,</span> <span class='ocrx_word' id='word_1_256' title='bbox 779 2622 817 2666; x_wconf 87' lang='lat'>9.</span> <span class='ocrx_word' id='word_1_257' title='bbox 995 2621 1036 2679; x_wconf 88' lang='lat'>²)</span> <span class='ocrx_word' id='word_1_258' title='bbox 1066 2622 1223 2663; x_wconf 87' lang='lat' dir='ltr'>Jerem.</span> <span class='ocrx_word' id='word_1_259' title='bbox 1253 2621 1324 2675; x_wconf 86' lang='lat' dir='ltr'>LI,</span> <span class='ocrx_word' id='word_1_260' title='bbox 1356 2619 1394 2663; x_wconf 83' lang='grc'>9.</span> 
     </span>
     <span class='ocr_line' id='line_1_33' title="bbox 420 2692 1153 2751; baseline -0.001 -14"><span class='ocrx_word' id='word_1_261' title='bbox 420 2695 464 2751; x_wconf 81' lang='grc'>3)</span> <span class='ocrx_word' id='word_1_262' title='bbox 497 2695 606 2737; x_wconf 84' lang='lat' dir='ltr'>Edd.</span> <span class='ocrx_word' id='word_1_263' title='bbox 637 2692 835 2737; x_wconf 86' lang='lat' dir='ltr'>Merlini:</span> <span class='ocrx_word' id='word_1_264' title='bbox 868 2692 1153 2736; x_wconf 82' lang='lat' dir='ltr'>deseruerunt.</span> 
     </span>
    </p>

    <p class='ocr_par' dir='ltr' id='par_1_5' title="bbox 421 2763 819 2823">
     <span class='ocr_line' id='line_1_34' title="bbox 421 2763 819 2823; baseline -0.005 -16"><span class='ocrx_word' id='word_1_265' title='bbox 421 2765 464 2823; x_wconf 76' lang='lat'>⁴²)</span> <span class='ocrx_word' id='word_1_266' title='bbox 494 2766 649 2807; x_wconf 87' lang='lat' dir='ltr'>Jerem.</span> <span class='ocrx_word' id='word_1_267' title='bbox 680 2765 751 2816; x_wconf 87' lang='lat' dir='ltr'>LI,</span> <span class='ocrx_word' id='word_1_268' title='bbox 782 2763 819 2808; x_wconf 83' lang='grc'>9.</span> 
     </span>
    </p>

    <p class='ocr_par' dir='ltr' id='par_1_6' title="bbox 422 2834 920 2892">
     <span class='ocr_line' id='line_1_35' title="bbox 422 2834 920 2892; baseline -0.008 -15"><span class='ocrx_word' id='word_1_269' title='bbox 422 2834 464 2892; x_wconf 78' lang='lat'>⁵)</span> <span class='ocrx_word' id='word_1_270' title='bbox 492 2834 603 2883; x_wconf 84' lang='lat' dir='ltr'>Edd.</span> <span class='ocrx_word' id='word_1_271' title='bbox 633 2834 693 2879; x_wconf 79' lang='lat' dir='ltr'>M</span> <span class='ocrx_word' id='word_1_272' title='bbox 724 2834 920 2890; x_wconf 82' lang='lat' dir='ltr'>‚,effert.‘⁸</span> 
     </span>
    </p>
   </div>
  </div>
 </body>
</html>
