1734 3112
622 97 770 138 Lmen·
795 97 870 138 111.
1404 99 1458 142 59

37 229 135 266 ergo
174 212 278 254 mihi
316 211 480 253 videtur
518 225 566 250 ex
613 208 736 251 initio
776 209 988 267 propositi
1028 211 1223 253 dramatis
1262 228 1458 268 sponsam

37 289 141 331 foris
171 300 278 332 stare
307 287 351 329 in
377 285 508 337 bivio,
541 297 583 328 et
613 287 670 328 ob
694 303 882 330 amorem
913 288 1059 345 sponsi
1088 288 1183 330 hinc
1202 299 1327 346 atque
1360 289 1459 333 inde

37 366 280 424 prospicere
293 375 312 416 ,'
345 364 379 406 si
417 366 528 406 forte
560 364 722 414 veniat,
760 365 795 407 si
831 366 944 408 forte
973 378 1193 423 appareat,
1232 383 1311 409 nec
1348 367 1461 410 viam

36 444 199 498 ingredi
227 441 337 484 velle
376 441 583 498 aliquam,
631 443 733 484 dum
773 443 958 496 ignorat,
1006 445 1118 486 unde
1148 443 1279 497 magis
1308 443 1462 495 veniat,

38 538 115 564 nec
146 520 284 570 domi,
316 520 389 562 sed
418 520 523 562 foris
552 531 683 571 stare,
716 532 758 562 et
791 520 1002 563 desiderio
1034 520 1123 579 ejus
1153 520 1298 575 agitari
1326 537 1375 563 ac
1397 521 1460 564 di-

39 614 152 641 cere:
184 597 495 655 „osculetur¹)
525 614 593 640 me
627 598 773 640 osculo
809 598 893 640 oris
924 598 1046 640 sui:“
1076 599 1150 641 ubi
1174 611 1315 642 autem
1345 600 1462 642 venit

36 691 235 732 sponsus,
273 674 404 717 dicat:
456 677 603 727 „bona
618 676 661 732 ²)
693 686 789 718 sunt
824 677 955 719 ubera
993 688 1065 718 tua
1103 693 1231 734 super
1257 677 1459 729 vinum,“

37 764 79 795 et
105 753 281 811 reliqua,
312 770 443 810 usque
473 754 528 795 ad
559 770 657 796 eum
687 754 847 805 locum,
877 754 950 795 ubi
980 753 1059 795 ait:
1092 756 1273 813 „post³)
1303 768 1346 798 te
1370 774 1463 799 cur-

35 835 215 872 remus.“
272 830 377 872 Post
406 831 507 873 haec
539 832 691 873 dilecta
720 830 806 890 jam
837 842 879 873 et
907 831 1043 873 vicem
1075 833 1255 875 caritatis
1285 835 1336 876 ab
1367 834 1461 891 ipso

35 924 189 965 sponso
220 908 446 965 recipiens,
474 909 768 952 introducatur
795 910 840 951 in
860 909 1104 952 cubiculum
1126 910 1227 970 ejus,
1259 923 1300 954 et
1330 912 1463 954 dicat:

36 986 304 1038 „introduxit
321 985 362 1044 ⁴²)
400 1003 469 1028 me
506 1004 577 1029 rex
617 987 661 1029 in
700 986 945 1029 cubiculum
983 993 1148 1029 suum.“
1208 989 1294 1032 Sed
1325 1001 1366 1033 et
1397 1006 1462 1032 ce-

37 1076 146 1115 tera,
189 1081 294 1121 quae
333 1076 482 1122 postea
519 1077 613 1106 sunt
654 1065 831 1122 scripta,
876 1066 1048 1123 intus⁵)
1086 1067 1225 1124 posita
1265 1067 1465 1125 loquatur

37 1143 90 1185 ad
119 1159 321 1200 sponsum
351 1142 639 1199 praesentibus
671 1155 712 1184 et
749 1142 1036 1185 assistentibus
1073 1161 1251 1201 sponsae
1290 1145 1464 1203 quidem

39 1220 384 1272 adolescentulis,
414 1220 557 1277 sponsi
587 1236 689 1262 vero
722 1221 950 1263 sodalibus.
1006 1222 1310 1265 Verumtamen
1339 1225 1466 1267 intel-

39 1298 191 1352 ligatur
219 1315 397 1356 sponsus
426 1310 579 1356 utpote
609 1299 697 1352 vir,
733 1314 820 1340 non
850 1314 1019 1356 semper
1055 1299 1100 1342 in
1131 1301 1286 1354 domo,
1327 1319 1465 1360 neque

39 1392 207 1434 semper
235 1376 416 1418 assidere
446 1393 622 1433 sponsae
661 1377 771 1419 intra
800 1377 978 1419 domum
1015 1378 1200 1435 positae:
1244 1381 1319 1422 sed
1350 1392 1467 1422 exeat

39 1455 302 1511 frequenter,
334 1466 376 1495 et
405 1454 480 1495 illa
511 1471 606 1496 eum
636 1455 753 1512 quasi
784 1472 928 1497 amore
960 1455 1049 1513 ejus
1077 1457 1261 1500 sollicita
1281 1458 1468 1515 requirat

40 1533 277 1573 absentem:
322 1531 397 1573 sed
428 1543 467 1572 et
497 1531 588 1589 ipse
616 1532 831 1575 interdum
859 1533 1005 1576 redeat
1033 1535 1087 1576 ad
1121 1552 1224 1577 eam.
1281 1535 1468 1593 Propter

42 1609 159 1666 quod
195 1619 236 1650 et
274 1607 466 1650 videatur
504 1625 582 1666 per
620 1622 760 1652 totum
800 1611 997 1653 libellum
1026 1612 1254 1669 aliquando
1293 1614 1467 1670 quidem

40 1687 157 1729 velut
186 1687 331 1728 absens
358 1687 519 1744 requiri
547 1703 746 1744 sponsus,
787 1687 1014 1744 aliquando
1055 1689 1165 1731 sicut
1204 1707 1403 1748 praesens
1422 1692 1467 1750 ⁵)

40 1764 160 1823 loqui
210 1781 305 1807 cum
350 1781 515 1821 sponsa.
576 1766 673 1822 Ipsa
719 1777 860 1807 autem
907 1783 1060 1824 sponsa
1108 1784 1206 1809 cum
1253 1769 1389 1812 multa
1427 1782 1470 1812 et

39 1843 258 1897 magnifica
296 1842 340 1885 in
378 1842 522 1900 sponsi
562 1842 760 1888 cubiculo
800 1844 1072 1901 pervidisset,
1116 1845 1226 1902 petit
1262 1863 1306 1888 se
1342 1847 1468 1891 etiam

41 1922 82 1965 in
113 1923 288 1964 domum
328 1919 414 1962 vini
455 1921 681 1964 introduci.
743 1920 843 1977 Quo
877 1939 974 1963 cum
1008 1922 1192 1977 ingressa
1233 1926 1468 1983 perspexis-

40 2013 122 2052 set,
154 2001 270 2058 quod
298 2015 476 2056 sponsus
507 2010 658 2055 utpote
689 1999 754 2041 vir
781 2016 869 2041 non
897 2001 1103 2043 resederit
1131 2002 1174 2044 in
1202 2004 1348 2055 domo,
1379 2005 1470 2062 ipsa

38 2095 179 2121 rursus
208 2093 352 2120 amore
383 2076 528 2134 ejus7)
559 2077 779 2131 exagitata,
812 2077 960 2120 exierit
987 2079 1127 2132 foras,
1157 2093 1199 2123 et
1218 2082 1468 2126 circumiens

38 2169 231 2215 peragret
260 2156 369 2198 circa
399 2156 576 2196 domum
604 2171 691 2196 non
722 2155 983 2209 ingrediens,
1034 2170 1076 2200 et
1125 2175 1172 2201 ex
1203 2161 1321 2203 omni
1349 2174 1469 2218 parte

40 2234 289 2292 prospiciat,
339 2234 505 2291 quando
537 2235 590 2276 ad
622 2249 714 2276 eam
743 2235 889 2276 redeat
918 2251 1123 2292 sponsus:
1170 2250 1212 2279 et
1242 2255 1362 2290 ecce,
1400 2256 1469 2282 su·

42 2312 133 2355 bito
165 2312 304 2353 videat
343 2328 441 2354 eum
471 2312 707 2354 vicinorum
735 2312 949 2355 montium
980 2313 1075 2370 juga
1105 2315 1321 2359 immensis
1352 2317 1466 2359 salti-

43 2392 120 2432 bus
159 2401 447 2446 superantem,
493 2390 746 2432 descendere
785 2391 838 2431 ad
876 2392 1074 2442 domum,
1120 2393 1162 2435 in
1201 2411 1282 2451 qua
1322 2411 1467 2438 amore

45 2467 132 2528 ejus
162 2466 345 2509 sollicita
373 2478 531 2509 aestuat
559 2485 725 2525 sponsa.
784 2469 1042 2546 Pervepieps
1074 2487 1175 2513 vero
1206 2489 1384 2530 sponsus
1413 2476 1467 2517 ad

163 2643 203 2700 ¹)
235 2641 394 2685 Cantic.
427 2642 468 2692 I,
494 2641 534 2686 2.
651 2644 696 2701 ²)
728 2644 886 2689 Cantic.
920 2646 964 2701 I,
992 2645 1032 2690 2.

159 2713 202 2770 3)
234 2711 391 2754 Cantic.
425 2714 465 2762 I,
497 2712 535 2754 4.
569 2713 668 2756 coll.
699 2714 739 2758 3.
858 2715 901 2772 ⁴²)
933 2717 1091 2760 Cantic.
1122 2718 1168 2769 Ϊ,
1196 2717 1236 2760 4.

161 2783 202 2841 ⁵)
232 2783 341 2825 Edd.
372 2783 432 2825 M.
464 2783 658 2834 ‚‚intra.“
776 2785 819 2841 ⁶)
849 2786 957 2830 Edd.
989 2789 1050 2831 M.
1082 2787 1286 2844 „prius.⁴‘

161 2853 203 2910 ⁷)
232 2854 364 2895 Deest
395 2852 554 2912 ,‚ejus“
585 2853 627 2895 in
659 2853 753 2896 edd.
784 2854 844 2897 Μ.
