1734 3112
223 119 277 162 40
515 116 735 157 Omsssms
766 125 808 156 IN
841 113 1024 157 (ΞΛΜ-ιο.
1060 114 1363 156 Cmmconmi

222 242 417 288 expertus
449 241 532 280 est,
571 227 790 284 quomodo
824 244 918 269 cum
960 227 1000 268 in
1032 240 1194 270 arctum
1225 228 1414 279 venitur,
1458 241 1498 270 et
1528 247 1654 286 angu-

221 309 307 351 stiis
325 306 672 366 propositionum
695 305 1074 362 quaestionumque
1095 307 1378 349 concluditur.
1418 306 1465 349 Si
1486 311 1653 364 quando

222 387 368 443 eam¹)
402 385 503 440 legis
534 401 580 426 ac
610 383 916 441 prophetarum
961 384 1027 425 vel
1067 383 1320 437 aenigmata,
1367 384 1433 425 vel
1477 386 1654 429 obscura

220 481 410 523 quaeque
450 464 561 505 dicta
601 462 884 511 concludunt,
931 459 964 501 si
1015 462 1126 503 forte
1164 463 1306 504 adesse
1359 479 1455 505 eum
1503 464 1657 506 sentiat

218 542 369 594 anima,
403 553 444 583 et
474 540 636 582 eminus
666 539 851 581 sonitum
875 538 1049 596 vocis2)
1082 539 1169 599 ejus
1189 539 1379 597 accipiat,
1412 543 1654 586 sublevatur

220 620 380 663 statim:
427 630 468 660 et
509 618 583 659 ubi
628 617 755 670 magis
805 633 852 657 ac
900 616 1030 670 magis
1070 618 1359 675 propinquare
1381 617 1426 674 3)
1465 619 1655 662 sensibus

219 698 307 757 ejus
340 695 553 754 coeperit,
589 707 629 736 et
660 694 899 736 illuminare
930 710 1035 752 quae
1068 696 1246 738 obscura
1276 708 1395 748 sunt,
1427 709 1526 740 tunc
1559 715 1655 741 eum

219 776 335 818 videt
374 775 594 817 salientem
636 790 762 830 supra
802 784 968 815 montes
1008 784 1049 814 et
1081 775 1236 825 colles,
1282 776 1391 817 altae
1421 776 1584 817 scilicet
1615 789 1657 818 et

220 855 404 896 excelsae
435 869 577 894 sensus
608 852 689 894 sibi
719 851 1023 905 intelligentiae
1054 864 1368 906 suggerentem:
1405 854 1462 896 ita
1491 867 1540 896 ut
1568 872 1657 897 rne-

217 933 300 974 rito
334 931 444 973 dicat
473 932 575 973 haec
607 930 766 973 anima:
799 946 924 982 „ecce
942 930 1006 987 ²²),
1038 930 1105 972 hic
1138 931 1251 972 venit
1281 931 1432 973 saliens
1462 932 1505 973 in
1536 950 1657 976 mon-

218 1009 344 1060 tibus,
375 1009 612 1051 transiliens
643 1025 771 1066 super
803 1009 978 1052 colles.“
1025 1009 1143 1051 Haec
1175 1022 1316 1051 autem
1348 1009 1541 1062 dicimus,
1571 1027 1659 1053 non

219 1088 515 1139 immemores,
557 1088 674 1144 quod
704 1086 788 1146 jam
820 1098 862 1128 et
898 1086 940 1128 in
972 1087 1263 1145 superioribus
1302 1105 1444 1130 coram
1481 1089 1661 1146 positus,

216 1167 428 1225 praesenti
459 1167 699 1208 collocutus
737 1165 792 1207 sit
830 1180 1028 1222 sponsae:
1078 1166 1151 1207 sed
1184 1166 1409 1224 quoniam,
1454 1177 1502 1208 ut
1532 1184 1657 1224 saepe

217 1245 421 1296 diximus,
464 1243 661 1286 dramatis
692 1243 879 1300 speciem
913 1242 1085 1284 libellus
1115 1244 1184 1286 hic
1216 1244 1428 1296 continet,
1473 1261 1584 1287 nunc
1613 1246 1656 1290 in

214 1324 425 1381 praesenti
463 1323 661 1364 dicuntur
700 1322 863 1379 aliqua,
902 1338 1012 1362 nunc
1046 1321 1172 1364 etiam
1212 1323 1255 1364 in
1286 1323 1470 1366 absenti:
1527 1336 1568 1365 et
1599 1324 1657 1366 sic

215 1403 352 1456 agitur
372 1401 615 1444 immutatio
637 1415 930 1457 personarum,
961 1410 1008 1440 ut
1029 1411 1209 1458 uterque
1234 1402 1342 1444 ordo
1366 1414 1659 1459 competenter

217 1480 339 1534 dirigi
371 1479 575 1522 videatur.
639 1476 844 1533 Quamvis
878 1476 991 1518 enim
1021 1478 1245 1534 promittat
1275 1496 1478 1536 sponsus,
1524 1493 1564 1523 et
1596 1482 1659 1523 di-

215 1570 281 1601 eat
311 1558 364 1600 ad
393 1574 592 1615 sponsam
622 1573 763 1606 suam,
795 1555 868 1612 qui
898 1567 994 1597 sunt
1025 1555 1151 1598 electi
1183 1556 1382 1613 discipuli
1418 1557 1530 1615 ejus,
1562 1560 1659 1616 quia

215 1652 340 1687 „ecce
359 1636 413 1690 ⁵),
446 1652 522 1690 ego
556 1635 777 1677 vobiscum
809 1650 901 1675 sum
923 1634 1119 1676 omnibus
1162 1635 1309 1676 diebus
1329 1653 1461 1694 usque
1482 1638 1535 1678 ad
1560 1655 1659 1680 con-

213 1713 541 1757 summationem
579 1712 796 1754 saeculi:“
838 1724 979 1753 tamen
1019 1712 1173 1754 iterum
1210 1729 1288 1770 per
1330 1714 1553 1769 parabolas
1597 1714 1659 1756 di-

215 1792 272 1834 cit
287 1793 346 1849 ⁶),
378 1791 476 1849 quia
505 1789 809 1848 paterfamilias
840 1789 1008 1831 vocavit
1037 1805 1180 1831 servos
1210 1806 1322 1841 suos,
1355 1803 1395 1833 et
1428 1791 1658 1850 unicuique

213 1868 428 1911 distribuit
468 1868 694 1926 pecuniam
753 1867 997 1922 negotiandi
1044 1867 1194 1921 gratia,
1242 1880 1283 1910 et
1320 1870 1540 1927 profectus
1584 1883 1657 1913 est.

214 1948 270 1990 Et
310 1948 463 1989 iterum
506 1937 612 1989 dicit
636 1947 703 2001 ⁷):
750 1945 846 2004 quia
898 1945 1002 1987 abiit
1038 1957 1184 2003 petere
1224 1946 1304 1988 sibi
1346 1963 1533 2001 regnum.
1602 1949 1657 1991 Et

213 2026 366 2068 iterum
407 2026 524 2084 quasi
575 2027 625 2067 dc
667 2026 838 2066 absente
886 2040 1043 2081 sponso
1095 2023 1333 2081 diciturss),
1378 2025 1474 2082 quia
1516 2027 1655 2069 media

212 2116 338 2146 nocte
384 2104 546 2146 clamor
584 2105 717 2146 factus
769 2115 830 2144 est
874 2102 1126 2154 dicentium,
1174 2102 1272 2160 quia
1311 2103 1425 2145 venit
1464 2119 1652 2160 sponsus¹

212 2183 285 2226 Sic
316 2199 414 2238 ergo
454 2199 567 2225 nunc
606 2198 803 2240 praesens
845 2194 904 2223 est
935 2198 1136 2239 sponsus,
1178 2192 1220 2224 et
1250 2182 1400 2233 docet,
1439 2198 1550 2223 nunc
1581 2184 1652 2224 ab-

212 2277 303 2303 sens
346 2260 521 2312 dicitur,
563 2273 604 2303 et
644 2259 927 2303 desideratur:
975 2271 1018 2302 et
1057 2271 1284 2318 utrumque
1322 2260 1390 2301 vel
1437 2262 1652 2314 ecclesiae,

212 2339 279 2380 vel
310 2339 474 2382 animae
503 2338 716 2382 studiosae
748 2338 984 2380 conveniet.
1045 2338 1155 2380 Cum
1190 2338 1301 2380 enim
1332 2338 1421 2396 pati
1450 2355 1647 2396 persecu-

211 2415 347 2459 tiones
380 2430 421 2460 et
450 2417 746 2460 tribulationes
786 2416 1047 2473 permittitur
1087 2416 1288 2468 ecclesia,
1332 2419 1478 2460 absens
1519 2418 1558 2460 ei
1589 2419 1650 2461 vi-

330 2599 371 2657 ¹)
401 2600 510 2641 Edd.
543 2601 603 2642 M.
637 2604 804 2651 „eum.“
941 2600 984 2657 ²)
1016 2600 1147 2644 Deest
1179 2601 1350 2652 ‚,vocis“
1382 2602 1424 2644 in
1457 2602 1551 2644 edd.
1585 2602 1645 2645 M.

327 2671 370 2727 ³)
397 2670 506 2713 Edd.
539 2671 599 2713 M.
631 2669 958 2728 ‚,proximare.“
1080 2670 1123 2729 ⁴²)
1154 2671 1311 2715 Cantic.
1345 2672 1401 2723 ΙῙ,
1432 2672 1470 2715 5.

327 2741 370 2798 ⁵)
398 2741 549 2792 Matth.
579 2741 784 2791 XXVIII,
814 2740 882 2784 20.

328 2812 373 2868 ὅ)
405 2812 491 2855 Cfr.
523 2813 673 2855 Matth.
706 2812 843 2862 XXV,
877 2811 941 2855 14.
973 2829 1089 2870 seqq.

325 2882 368 2937 ⁷)
401 2882 487 2926 Cfr.
518 2883 618 2926 Luc.
653 2883 772 2935 XIX,
805 2881 870 2926 12.
989 2882 1034 2940 8)
1067 2882 1153 2926 Cfr.
1189 2882 1339 2926 Matth.
1376 2882 1512 2935 XXV,
1543 2882 1582 2925 6.
