1763 3112
251 96 334 142 278
675 96 896 139 Omessms
926 108 970 137 n«
1002 95 1028 135 J
1032 104 1243 136 summm

255 205 618 256 ἀποκατάστασίς
648 208 769 251 ἐστιν
800 210 861 257 εἰς
889 206 942 249 τὰ
975 208 1128 249 οἰκεῖα.
1191 196 1302 247 Οἶον
1321 203 1547 263 ἔξαρθρόν
1575 221 1666 263 μου

255 282 338 327 ἐὰν
365 286 548 342 γένηται
586 287 743 340 μέλος,
796 282 819 326 ὁ
865 282 1017 339 ἰατρὸς
1053 282 1263 339 πειρᾶται
1299 280 1670 326 ἀποκατάστασιν

255 362 443 416 ποιῆσαι
469 363 550 405 τοῦ
581 359 819 421 ἐξάρθρου.
888 357 1027 403 Ὅταν
1055 359 1137 408 ἔξω
1167 372 1232 405 τις
1259 360 1443 414 γένηται
1472 362 1548 414 τῆς
1574 376 1671 402 πα-

256 437 407 494 τρίδος
435 441 521 482 εἴτε
551 439 750 492 δικαίως,
786 441 872 482 εἴτε
892 437 1072 489 ἀδίκως,
1105 432 1409 496 ἀπολαμβάνῃ
1441 435 1490 479 δὲ
1519 435 1569 479 τὸ
1586 434 1672 480 δύ-

261 520 430 557 νασθαι
461 513 602 558 πάλιν
642 517 691 558 ἓν
731 517 782 575 τῇ
820 516 1007 570 πατρίδι
1043 509 1158 558 εἶναι
1196 511 1309 556 κατὰ
1346 512 1450 563 τούς
1487 512 1670 570 νόμους,

256 590 531 646 ἀπεκατέστη
576 592 653 635 ἐπὶ
690 589 774 644 τὴν
810 591 1008 647 πατρίδα
1056 585 1137 642 τήν
1187 588 1364 633 ἑαυτοῦ.
1449 589 1512 634 Τὸ
1563 588 1670 634 αὐτὸ

258 666 352 713 νόει
379 686 463 724 μοι
493 672 569 711 καὶ
600 669 676 711 ἐπὶ
708 663 996 724 στρατιώτου,
1027 666 1320 721 ἐκβληθέντος
1345 665 1435 711 ἀπὸ
1460 670 1536 722 τῆς
1554 668 1673 716 ἰδίας

255 744 558 805 παρατάξεως,
591 745 1041 801 ἀποκαθισταμένου.
1084 747 1229 800 Λέγει
1259 735 1344 787 οὖν
1372 741 1541 788 ἐνθάδε
1560 742 1673 802 πρὸς

258 823 376 876 ἡμᾶς
404 822 508 872 τοὺς
537 824 910 881 ἐπιστρέψαντας,
946 818 1011 863 ὅτι
1043 818 1123 864 ἐὰν
1156 820 1520 877 ἐπιστρέψωμεν,
1551 819 1673 864 ἀπο-

255 897 520 955 καταστήσει
558 897 689 957 ἡμᾶς.
765 900 858 941 Καὶ
900 895 992 954 γὰρ
1030 896 1080 941 τὸ
1122 901 1245 946 τέλος
1281 899 1358 951 τῆς
1401 899 1675 955 ἐπαγγελίας

254 974 462 1020 τοιοῦτόν
490 977 627 1031 ἔστιν,
660 974 718 1025 ὠς
748 976 798 1019 ἐν
832 979 924 1023 ταῖς
945 971 1145 1030 Πράξεσι
1176 976 1266 1018 τῶν
1296 973 1564 1018 ἀποστόλων
1592 978 1674 1032 γε’-

260 1071 459 1112 γραπται
490 1054 540 1098 ἒν
570 1056 656 1110 τῷ·
696 1049 894 1111 ,,ὂέχρι])
919 1049 1105 1109 χρόνων
1124 1050 1533 1101 ἀποκαταστάσεως
1547 1050 1674 1096 πάν-

261 1147 352 1174 των
382 1122 449 1174 ὧν
480 1128 696 1184 ἐλάλησεν
735 1129 758 1173 ὁ
798 1128 906 1179 θεὸς
934 1126 1012 1172 δια
1043 1126 1266 1184 στόματος
1295 1132 1383 1172 τῶν
1413 1128 1560 1187 ἁγίων
1589 1128 1676 1173 αὐ-

256 1210 334 1251 τοῦ
365 1205 440 1250 ἀπ’
476 1209 640 1256 αἰῶνος
667 1208 957 1264 προφητῶν6ῑ
989 1207 1040 1249 ἐν
1071 1208 1256 1262 Χριστῷ
1280 1204 1452 1261 Ἰησοῦ,
1488 1198 1524 1263 ᾧ
1554 1208 1676 1250 ἐστιν

256 1283 282 1338 ἦ
315 1281 428 1334 δόξα
471 1286 547 1326 καὶ
586 1281 636 1326 τὸ
677 1279 842 1341 κράτος
886 1283 948 1331 εἷς
995 1280 1098 1330 τοὺς
1129 1284 1308 1331 αἰῶνας
1346 1286 1436 1327 τῶν
1480 1280 1674 1327 αἰώνων.

252 1359 417 1418 Ἀμήνέ
1578 1360 1585 1366 ’

663 1684 840 1743 Ὁμιλία
870 1684 1265 1741 πεντεκαιδεκάτη.

256 1805 336 1849 Εἰς
376 1800 424 1843 τὸ
440 1800 483 1855 ²)
523 1796 655 1842 αὐτό·
695 1798 915 1854 ,,οἴμοι3)
957 1796 1046 1856 ἐγώ
1085 1800 1297 1859 μῆτερ·“
1341 1795 1481 1842 πάλιν
1519 1791 1676 1850 ἄλλως,

254 1882 386 1935 μέχρι
414 1879 518 1920 τοῦ·
550 1873 912 1934 ,,ἒπικατάρατος
929 1876 972 1931 ⁴)
1014 1871 1282 1933 ἅνθρωπος,
1327 1872 1375 1925 ὃς
1403 1872 1486 1930 τὴν
1514 1874 1678 1917 ἐλπίδα

370 1956 461 2012 ἔχει
498 1951 564 1996 ἐπ’
609 1948 889 2009 ἄνθρωπον,
936 1955 1015 1995 καὶ
1044 1956 1244 2009 στηρίσει
1274 1951 1419 2011 σάρκα
1448 1958 1562 2008 βρα-

769 2032 928 2085 χίονος
969 2027 1124 2072 αὐτοῦ.
1131 2030 1160 2051 “

370 2146 407 2189 1.
441 2146 497 2188 Οἱ
524 2147 846 2202 μακαρίζοντες
886 2139 990 2190 τοὺς
1016 2139 1279 2199 προφήτας,
1319 2143 1397 2183 καὶ
1434 2142 1496 2195 τῷ
1524 2156 1679 2197 μακα-

257 2226 392 2280 ρίζειν
437 2218 602 2270 αὐτοὺς
644 2218 886 2277 εὐχόμενοι
932 2216 1014 2273 τὴν
1054 2219 1222 2275 μερίδα
1265 2218 1387 2274 ἔχειν
1431 2214 1545 2273 μετὰ
1589 2219 1680 2260 τῶν

257 2301 521 2358 προφητῶν,
553 2295 884 2354 συνάγοντεςῧ)
916 2294 1007 2339 ἀπὸ
1038 2298 1127 2339 τῶν
1158 2292 1310 2351 λόγων
1339 2297 1430 2338 τῶν
1447 2310 1677 2352 προφητι-

376 2459 418 2510 ¹)
451 2457 538 2499 Cfr.
568 2459 661 2499 Act.
694 2458 772 2507 ΙΙΙ,
802 2457 868 2500 21.
1016 2457 1058 2509 ²)
1094 2457 1227 2497 Deest
1257 2452 1363 2505 ,,τό“
1391 2454 1434 2495 in
1471 2455 1539 2495 ed.
1569 2455 1619 2495 R.

374 2528 416 2584 3)
449 2527 535 2569 Cfr.
564 2525 721 2568 Jerem.
751 2527 846 2575 XV,
878 2525 942 2569 10.
975 2548 1027 2557 —-
1057 2526 1166 2566 Edd.
1209 2526 1265 2570 Η.
1307 2537 1349 2566 et
1385 2526 1437 2568 R.
1466 2525 1548 2566 hoc
1578 2526 1676 2566 loco

261 2598 303 2626 et
330 2601 443 2640 seqq.
475 2594 729 2625 constanter:
764 2587 924 2636 ,,οἴμοι
954 2581 1045 2640 ἐγώ
1076 2583 1270 2639 μῆτερ“

381 2656 424 2710 ⁴)
454 2655 611 2695 Jerem.
641 2653 778 2703 XVII,
809 2654 847 2696 5.

378 2725 420 2780 ⁵)
449 2725 502 2766 H.
533 2723 578 2764 in
607 2734 742 2763 textu:
793 2720 1119 2773 ,,συνιὸντες,“
1166 2723 1219 2763 ad
1248 2721 1500 2774 marginem:
1540 2719 1676 2770 „CocL

261 2782 506 2822 Vaticanus:
549 2778 865 2844 συνάγοντες.“
902 2781 954 2821 R.
994 2779 1037 2820 in
1077 2790 1212 2819 textu:
1256 2778 1595 2834 ,,συναγοντες,“
1635 2776 1678 2817 in

261 2838 394 2880 notis.
428 2837 563 2889 „Cod.
597 2835 893 2879 scorialensis:
925 2833 1186 2884 συνιόντες.“
