1763 3112
279 65 363 111 336
709 66 928 108 OmGEms
942 62 1004 107 'm
1031 65 1269 107 Jssnmmm

280 183 557 239 γέγραπται·
588 177 856 236 ,,γενηθήτω
877 179 915 234 ¹)
956 176 982 233 ἡ
1021 175 1250 238 προσευχὴ
1282 177 1420 221 αὐτοῦ
1451 181 1513 228 εἰς
1536 177 1693 241 ιὲμαρ-

281 258 431 300 τίαν.“
485 256 682 306 Ἐκεῖνος
713 253 826 300 κατὰ
857 254 907 299 τὸ
937 252 1274 314 προσεύχεσθαι
1313 257 1374 305 εἷς
1411 255 1545 300 κενὸν
1583 258 1698 301 ἔθυ-

278 339 432 391 μίασε.
496 338 573 382 Τίς
603 333 653 377 δὲ
684 331 706 377 ὁ
740 337 800 383 εἰς
830 332 964 378 κενὸν
1001 336 1210 389 θυμιῶν,
1251 334 1314 378 ἔτι
1349 336 1527 390 μᾶλλον
1557 332 1697 385 οὕτως

280 408 648 469 κατανοήσωμεν.
707 410 910 468 ,,Τρὶς2)
942 412 1021 454 τοῦ
1054 411 1286 466 ἐνιαυτοῦ,
1331 414 1497 469 φησὶν,
1540 410 1695 470 ὀφθή-

279 505 402 534 σεται
431 492 528 532 πᾶν
559 486 800 547 ἀρσενικόν
829 503 911 532 σου
941 485 1138 532 ἐνώπιον
1153 492 1310 544 κυρίου
1326 491 1402 533 τοῦ
1427 491 1538 534 θεοῦ
1558 490 1695 533 σου·“

281 558 317 624 ᾧ
348 566 513 614 εὐθέως
542 566 825 624 ἐπιφέρεται·
857 564 1033 622 ,,οὖκ3)
1065 564 1249 626 ὀφθήσῃ
1270 564 1468 611 ἐνώπιόν
1492 583 1585 624 μου
1616 583 1695 611 κε-

279 644 466 698 νός.“4)
514 640 653 687 Ὅθεν
683 638 821 700 ὤᾳθη
853 640 876 686 ὀ
902 645 1008 692 νοῦς
1037 645 1113 697 τῆς
1140 646 1323 702 γραφῆς
1359 646 1420 702 τῷ
1461 643 1693 703 ὀφθαλμῷ

271 723 499 779 χωροῦντι
529 719 611 775 τὴν
629 716 887 778 σαφήνειαν
909 722 1000 764 τῶν
1019 721 1155 778 ἱερῶν
1177 720 1479 780 γραμμάτων.
1538 718 1692 765 Ταῦτά

276 815 358 856 μοι
388 799 439 842 ἓν
466 801 696 857 προοιμίῳ
726 801 917 853 εἴρηται,
961 798 1227 855 διεγείροντι
1263 801 1339 842 καὶ
1369 799 1589 857 ἐγείροντι
1618 800 1695 842 καὶ

277 874 476 933 ἐμαυτὸν
505 879 583 919 καὶ
612 874 717 925 τούς
744 873 995 924 ιῖκούοντας
1024 875 1100 918 ἐπὶ
1129 873 1178 920 τό
1205 880 1448 934 προσέχειν
1463 881 1556 925 τοῖς
1573 875 1694 920 ἄνα-

277 958 569 1011 γνωσθεῒσιν,
602 952 656 997 ἵν’
685 950 941 1009 αἰτήσωμεν
970 953 1124 996 ἐλθεῖν
1148 952 1324 1008 Ἰησοῦν
1353 956 1429 997 καὶ
1457 954 1693 1012 ἐπιφανῆ-

278 1047 353 1075 σαι
392 1029 527 1087 ἡμῖν,
577 1032 652 1073 καὶ
691 1027 968 1073 διδάσκοντα
1009 1032 1094 1074 νῦν
1122 1029 1241 1087 ἡμᾶς
1276 1029 1331 1075 τὰ
1373 1032 1573 1075 ἐνταῦθα
1610 1047 1693 1089 γε-

275 1111 536 1166 γραμμένα.
1258 1157 1262 1161 ,

388 1184 456 1228 11.
488 1179 839 1239 Προεφήτευσεν
878 1180 1122 1243 Ἱερεμίας·
1167 1185 1336 1241 ,,καὶ5)
1380 1182 1545 1242 ἤκουσε
1586 1189 1692 1229 Πα-

275 1259 396 1318 σχώρ
426 1258 522 1309 υἱὸς
545 1257 725 1319 Έμμὴρ
758 1258 780 1303 ὂ
812 1257 956 1319 ἱερεύς
983 1262 1076 1303 τῶν
1098 1257 1250 1318 λόγων
1273 1264 1350 1317 τῆς
1363 1262 1691 1321 προφητειάς.“

272 1341 365 1382 Καὶ
395 1335 683 1394 τοσούτωνὸ)
714 1334 826 1380 κατὰ
857 1335 906 1381 τὸ
937 1335 1070 1392 εἰκὸς,
1103 1334 1216 1381 ὅσον
1245 1338 1321 1381 ἐπὶ
1351 1341 1462 1400 ψιλῇ
1491 1342 1543 1400 τῇ
1575 1339 1687 1383 ἄκο-

272 1420 437 1473 λουθιά
467 1418 543 1470 τῆς
578 1419 879 1475 προφητείας,
927 1412 1192 1470 ἀκηκοότων
1226 1413 1470 1473 Ἱερεμίου,
1515 1414 1568 1460 οὐ
1606 1433 1690 1459 τα-

266 1498 381 1551 χέως
436 1492 779 1550 ἀναγέγραπται
832 1489 967 1542 ἄλλος
1016 1491 1214 1543 ἀκούσας
1267 1498 1307 1538 εἰ
1357 1492 1422 1552 μὴ
1474 1491 1688 1554 Πασχιύρ.

267 1572 482 1628 Ἐμέλησε
515 1571 564 1614 δὲ
594 1573 644 1631 τῇ
678 1572 831 1630 γραφῇ
864 1571 1030 1625 εῖπεῖν,
1075 1571 1152 1613 καὶ
1196 1575 1316 1620 τίνος
1356 1570 1452 1620 υἱὸς
1494 1563 1573 1628 ἧν,
1623 1568 1690 1615 ὅτι

267 1646 520 1707 Ἐμμὴρ,7)
551 1650 628 1691 καὶ
658 1645 726 1692 ὅτι
756 1646 1046 1707 ἐχρημάτιζεν
1074 1646 1237 1705 ἱερεύς·
1279 1652 1358 1692 καὶ
1387 1653 1529 1693 ποίαν
1558 1647 1689 1699 τάξιν

271 1723 392 1784 εἶχεν
421 1727 471 1770 ἓν
502 1728 563 1782 τῷ
594 1728 705 1782 λαῷ,
741 1723 807 1768 ὅτι
836 1718 893 1779 ἦν
919 1728 1258 1781 καθεσταμένος
1275 1723 1530 1785 ἡγούμενος
1560 1730 1687 1770 οἴκου

270 1808 444 1862 κυρίου,
477 1800 589 1845 κατὰ
621 1801 701 1846 τὸν
723 1799 898 1861 χρόνον
924 1801 1140 1860 Ἱερεμίου
1181 1802 1550 1863 προφητεύοντος
1585 1801 1690 1853 τοὺς

270 1879 434 1938 λόγους
461 1878 658 1929 τούτους.
716 1882 811 1922 Καὶ
838 1877 1207 1937 ἀναγέγραπται,
1254 1878 1322 1924 ὅτι
1363 1879 1560 1931 ἀκούσας
1597 1884 1689 1926 τῶν

270 1957 422 2016 λόγων
449 1961 525 2012 τῆς
554 1960 833 2014 προφητείας
861 1953 1020 2011 ταύτης
1048 1955 1248 2014 Πασχώρ
1278 1956 1471 2008 ἐπάταξε
1498 1956 1580 2002 τὸν
1605 1955 1686 2002 Ἱε-

271 2040 459 2096 ρεμίαν,
490 2038 567 2078 καὶ
595 2034 676 2078 οὐκ
707 2033 904 2090 ἠρκέσθη
934 2035 994 2090 τῷ
1027 2032 1167 2078 αὐτὸν
1197 2038 1532 2092 πεπαταχέναι,
1571 2032 1684 2082 ἀλλὰ

388 2257 427 2313 ¹)
457 2257 612 2298 Psalm.
645 2256 755 2307 mx,
785 2255 823 2299 7.
855 2255 1053 2314 (cvm.)

384 2328 428 2383 2)
463 2327 550 2369 cfr.
580 2327 716 2369 Exod.
747 2328 911 2378 xxm,
945 2326 1013 2372 17.
1130 2328 1173 2384 3)
1205 2327 1339 2369 Exod.
1369 2327 1531 2378 xxm,
1562 2327 1626 2370 15.

383 2397 424 2453 ²²)
456 2397 510 2438 H.
549 2399 602 2438 ad
630 2398 880 2451 marginem:
911 2397 1046 2449 „C0d.
1076 2397 1320 2440 Vaticanus:
1359 2396 1499 2447 κενός.
1561 2395 1681 2440 Οὐκ-

269 2469 351 2511 οῦν
390 2469 481 2509 τῶν
520 2468 778 2523 ἐρχομένων
818 2464 954 2524 ὤφθη
984 2471 1062 2510 τοῦ
1095 2471 1176 2511 νοῦ
1207 2472 1285 2521 τῆς
1322 2471 1526 2525 γραφῆς,
1569 2465 1680 2523 ὅπερ

268 2539 516 2594 ἐπιγίνεται
561 2537 793 2594 ὀᾳθαλμῷ
838 2542 929 2580 κτλ.
992 2538 1246 2580 Ghislerius:
1293 2537 1434 2587 κενός.
1504 2536 1682 2581 Οὐκοῦν

269 2607 359 2652 ἀπὸ
393 2610 482 2651 τῶν
513 2609 809 2664 ἕρχομενωνζῦ
841 2613 930 2650 κτλ.

384 2679 425 2734 ⁵)
458 2678 533 2720 Cfr
574 2677 728 2719 Jerem.
760 2678 855 2728 XX,
889 2678 924 2720 1.

381 2749 424 2802 6)
453 2749 506 2789 H.
537 2747 649 2788 solus
678 2747 721 2788 in
763 2760 898 2790 textu:
945 2752 1242 2801 ,,τοσοῦτον,“
1288 2748 1341 2788 ad
1386 2763 1511 2798 marg.
1557 2761 1678 2786 vero:

267 2805 550 2855 „Ghisleriust
584 2803 854 2849 τοσούτων.“
1031 2807 1070 2860 7)
1104 2805 1190 2847 Cfr.
1220 2804 1376 2846 Jerem.
1407 2804 1502 2854 XX,
1534 2802 1572 2845 1.
