<?xml version="1.0" encoding="UTF-8"?>
<!DOCTYPE html PUBLIC "-//W3C//DTD XHTML 1.0 Transitional//EN"
    "http://www.w3.org/TR/xhtml1/DTD/xhtml1-transitional.dtd">
<html xmlns="http://www.w3.org/1999/xhtml" xml:lang="en" lang="en">
 <head>
  <title>
</title>
<meta http-equiv="Content-Type" content="text/html;charset=utf-8" />
  <meta name='ocr-system' content='tesseract 3.04.00' />
  <meta name='ocr-capabilities' content='ocr_page ocr_carea ocr_par ocr_line ocrx_word'/>
</head>
<body>
  <div class='ocr_page' id='page_1' title='image "./operaomniaquaegr15orig/operaomniaquaegr15orig_0336.png"; bbox 0 0 1763 3112; ppageno 0'>
   <div class='ocr_carea' id='block_1_1' title="bbox 267 43 1257 93">
    <p class='ocr_par' dir='ltr' id='par_1_1' title="bbox 267 43 1257 93">
     <span class='ocr_line' id='line_1_1' title="bbox 267 43 1257 93; baseline -0.009 0"><span class='ocrx_word' id='word_1_1' title='bbox 267 46 352 93; x_wconf 82' lang='lat'><em>322</em></span> <span class='ocrx_word' id='word_1_2' title='bbox 692 44 911 88; x_wconf 70' lang='lat' dir='ltr'>Omenms</span> <span class='ocrx_word' id='word_1_3' title='bbox 939 56 986 87; x_wconf 79' lang='lat' dir='ltr'>m</span> <span class='ocrx_word' id='word_1_4' title='bbox 1017 43 1046 84; x_wconf 87' lang='lat' dir='ltr'><strong>J</strong></span> <span class='ocrx_word' id='word_1_5' title='bbox 1048 53 1257 85; x_wconf 68' lang='lat' dir='ltr'><em>mmmm</em></span> 
     </span>
    </p>
   </div>
   <div class='ocr_carea' id='block_1_2' title="bbox 257 151 1696 1987">
    <p class='ocr_par' dir='ltr' id='par_1_2' title="bbox 257 151 1696 1987">
     <span class='ocr_line' id='line_1_2' title="bbox 272 151 1695 214; baseline -0.004 -10"><span class='ocrx_word' id='word_1_6' title='bbox 272 159 465 213; x_wconf 78' lang='grc' dir='ltr'><em>ἀπειλεῖ,</em></span> <span class='ocrx_word' id='word_1_7' title='bbox 496 159 577 201; x_wconf 83' lang='grc' dir='ltr'><em>καί</em></span> <span class='ocrx_word' id='word_1_8' title='bbox 603 170 765 214; x_wconf 85' lang='grc' dir='ltr'><em>φησιν·</em></span> <span class='ocrx_word' id='word_1_9' title='bbox 810 158 849 200; x_wconf 78' lang='grc' dir='ltr'><em>εἰ</em></span> <span class='ocrx_word' id='word_1_10' title='bbox 879 156 956 198; x_wconf 85' lang='grc' dir='ltr'><em>καὶ</em></span> <span class='ocrx_word' id='word_1_11' title='bbox 989 158 1217 211; x_wconf 78' lang='grc' dir='ltr'><em>προεῖπον</em></span> <span class='ocrx_word' id='word_1_12' title='bbox 1243 151 1298 197; x_wconf 74' lang='grc' dir='ltr'><em>τὰ</em></span> <span class='ocrx_word' id='word_1_13' title='bbox 1329 153 1435 211; x_wconf 89' lang='grc' dir='ltr'><em>περὶ</em></span> <span class='ocrx_word' id='word_1_14' title='bbox 1464 156 1539 209; x_wconf 86' lang='grc' dir='ltr'><em>τῆς</em></span> <span class='ocrx_word' id='word_1_15' title='bbox 1570 158 1695 200; x_wconf 79' lang='grc' dir='ltr'><em>οἰκο-</em></span> 
     </span>
     <span class='ocr_line' id='line_1_3' title="bbox 274 229 1695 294; baseline -0.004 -14"><span class='ocrx_word' id='word_1_16' title='bbox 274 239 436 294; x_wconf 83' lang='grc' dir='ltr'><strong><em>δομῆς,</em></strong></span> <span class='ocrx_word' id='word_1_17' title='bbox 467 237 544 278; x_wconf 79' lang='grc' dir='ltr'><em>καὶ</em></span> <span class='ocrx_word' id='word_1_18' title='bbox 575 232 628 277; x_wconf 81' lang='grc' dir='ltr'><em>τὰ</em></span> <span class='ocrx_word' id='word_1_19' title='bbox 659 235 765 293; x_wconf 86' lang='grc' dir='ltr'><em>περὶ</em></span> <span class='ocrx_word' id='word_1_20' title='bbox 794 235 870 288; x_wconf 87' lang='grc' dir='ltr'><em>τῆς</em></span> <span class='ocrx_word' id='word_1_21' title='bbox 901 229 1297 289; x_wconf 76' lang='grc' dir='ltr'><em>καταφυτεὺσεως,</em></span> <span class='ocrx_word' id='word_1_22' title='bbox 1341 234 1416 274; x_wconf 84' lang='grc' dir='ltr'><em>καὶ</em></span> <span class='ocrx_word' id='word_1_23' title='bbox 1446 234 1520 286; x_wconf 82' lang='grc' dir='ltr'><em>τῆς</em></span> <span class='ocrx_word' id='word_1_24' title='bbox 1549 249 1695 288; x_wconf 85' lang='grc' dir='ltr'><em>γεωρ-</em></span> 
     </span>
     <span class='ocr_line' id='line_1_4' title="bbox 275 307 1696 372; baseline -0.005 -14"><span class='ocrx_word' id='word_1_25' title='bbox 275 319 403 372; x_wconf 88' lang='grc' dir='ltr'><em>γίας,</em></span> <span class='ocrx_word' id='word_1_26' title='bbox 449 315 599 372; x_wconf 78' lang='grc' dir='ltr'><em>μέλλει</em></span> <span class='ocrx_word' id='word_1_27' title='bbox 642 311 691 354; x_wconf 81' lang='grc' dir='ltr'><em>δὲ</em></span> <span class='ocrx_word' id='word_1_28' title='bbox 732 308 1010 369; x_wconf 80' lang='grc' dir='ltr'><em>ἁμαρτάνειν</em></span> <span class='ocrx_word' id='word_1_29' title='bbox 1048 311 1123 351; x_wconf 82' lang='grc' dir='ltr'><em>καὶ</em></span> <span class='ocrx_word' id='word_1_30' title='bbox 1164 311 1295 351; x_wconf 85' lang='grc' dir='ltr'><em>τοῦτο</em></span> <span class='ocrx_word' id='word_1_31' title='bbox 1334 307 1383 351; x_wconf 85' lang='grc' dir='ltr'>τό</span> <span class='ocrx_word' id='word_1_32' title='bbox 1425 309 1579 362; x_wconf 78' lang='grc' dir='ltr'><em>ἔθνος,</em></span> <span class='ocrx_word' id='word_1_33' title='bbox 1620 311 1696 351; x_wconf 86' lang='grc' dir='ltr'><em>καὶ</em></span> 
     </span>
     <span class='ocr_line' id='line_1_5' title="bbox 274 382 1695 447; baseline -0.006 -12"><span class='ocrx_word' id='word_1_34' title='bbox 274 390 415 447; x_wconf 83' lang='grc' dir='ltr'><em>τούτῳ</em></span> <span class='ocrx_word' id='word_1_35' title='bbox 465 385 780 445; x_wconf 80' lang='grc' dir='ltr'><em>ἁμαρτήσαντι</em></span> <span class='ocrx_word' id='word_1_36' title='bbox 832 384 1105 441; x_wconf 79' lang='grc' dir='ltr'><em>συμβήσεται</em></span> <span class='ocrx_word' id='word_1_37' title='bbox 1153 387 1316 439; x_wconf 82' lang='grc' dir='ltr'><em>ταῦτα,</em></span> <span class='ocrx_word' id='word_1_38' title='bbox 1365 382 1480 443; x_wconf 73' lang='grc' dir='ltr'><em>ἅπερ</em></span> <span class='ocrx_word' id='word_1_39' title='bbox 1528 390 1695 442; x_wconf 81' lang='grc' dir='ltr'><em>εἴρηται</em></span> 
     </span>
     <span class='ocr_line' id='line_1_6' title="bbox 277 459 1695 521; baseline -0.004 -8"><span class='ocrx_word' id='word_1_40' title='bbox 277 469 463 515; x_wconf 72' lang='grc' dir='ltr'><em>ἐκείνοις</em></span> <span class='ocrx_word' id='word_1_41' title='bbox 493 464 569 508; x_wconf 82' lang='grc' dir='ltr'><em>διὰ</em></span> <span class='ocrx_word' id='word_1_42' title='bbox 601 463 653 507; x_wconf 67' lang='lat' dir='ltr'><em>u}</em></span> <span class='ocrx_word' id='word_1_43' title='bbox 687 459 1005 521; x_wconf 76' lang='grc' dir='ltr'><em>ἁμαρτήματα,</em></span> <span class='ocrx_word' id='word_1_44' title='bbox 1040 466 1114 505; x_wconf 83' lang='grc' dir='ltr'><em>καὶ</em></span> <span class='ocrx_word' id='word_1_45' title='bbox 1144 465 1393 517; x_wconf 86' lang='grc' dir='ltr'><em>πείσονται,</em></span> <span class='ocrx_word' id='word_1_46' title='bbox 1428 461 1584 518; x_wconf 77' lang='grc' dir='ltr'><em>ἐὰνμὴ</em></span> <span class='ocrx_word' id='word_1_47' title='bbox 1610 479 1695 518; x_wconf 82' lang='grc' dir='ltr'><em>με-</em></span> 
     </span>
     <span class='ocr_line' id='line_1_7' title="bbox 276 536 1696 599; baseline -0.005 -11"><span class='ocrx_word' id='word_1_48' title='bbox 276 542 545 599; x_wconf 87' lang='grc' dir='ltr'><em>τανοήσωσι.</em></span> <span class='ocrx_word' id='word_1_49' title='bbox 605 543 771 583; x_wconf 82' lang='grc' dir='ltr'><em>Πᾶσαν</em></span> <span class='ocrx_word' id='word_1_50' title='bbox 801 536 1046 597; x_wconf 84' lang='grc' dir='ltr'><em>ἐρεύνησον</em></span> <span class='ocrx_word' id='word_1_51' title='bbox 1075 536 1156 593; x_wconf 86' lang='grc' dir='ltr'><em>τὴν</em></span> <span class='ocrx_word' id='word_1_52' title='bbox 1184 537 1397 596; x_wconf 76' lang='grc' dir='ltr'><em>γραφὴν,</em></span> <span class='ocrx_word' id='word_1_53' title='bbox 1441 542 1518 582; x_wconf 81' lang='grc' dir='ltr'><em>καὶ</em></span> <span class='ocrx_word' id='word_1_54' title='bbox 1559 537 1696 597; x_wconf 80' lang='grc' dir='ltr'><em>ευρή-</em></span> 
     </span>
     <span class='ocr_line' id='line_1_8' title="bbox 278 613 1694 674; baseline -0.004 -9"><span class='ocrx_word' id='word_1_55' title='bbox 278 636 370 671; x_wconf 88' lang='grc' dir='ltr'><em>σεις</em></span> <span class='ocrx_word' id='word_1_56' title='bbox 398 620 452 663; x_wconf 81' lang='grc' dir='ltr'><em>τὰ</em></span> <span class='ocrx_word' id='word_1_57' title='bbox 482 620 669 662; x_wconf 88' lang='grc' dir='ltr'><em>πλεῖστα</em></span> <span class='ocrx_word' id='word_1_58' title='bbox 700 618 804 674; x_wconf 83' lang='grc' dir='ltr'><em>περὶ</em></span> <span class='ocrx_word' id='word_1_59' title='bbox 845 618 935 658; x_wconf 83' lang='grc' dir='ltr'><em>τῶν</em></span> <span class='ocrx_word' id='word_1_60' title='bbox 976 613 1059 659; x_wconf 84' lang='grc' dir='ltr'><em>δύο</em></span> <span class='ocrx_word' id='word_1_61' title='bbox 1102 613 1274 658; x_wconf 83' lang='grc' dir='ltr'><em>τούτων</em></span> <span class='ocrx_word' id='word_1_62' title='bbox 1313 619 1402 658; x_wconf 82' lang='grc' dir='ltr'><em>τῶν</em></span> <span class='ocrx_word' id='word_1_63' title='bbox 1440 617 1590 673; x_wconf 81' lang='grc' dir='ltr'><em>ἐθνῶν</em></span> <span class='ocrx_word' id='word_1_64' title='bbox 1619 620 1694 660; x_wconf 86' lang='grc' dir='ltr'><em>λε-</em></span> 
     </span>
     <span class='ocr_line' id='line_1_9' title="bbox 273 690 1696 757; baseline -0.004 -15"><span class='ocrx_word' id='word_1_65' title='bbox 273 697 467 757; x_wconf 85' lang='grc' dir='ltr'><em>γόμενα.</em></span> <span class='ocrx_word' id='word_1_66' title='bbox 523 696 776 746; x_wconf 81' lang='grc' dir='ltr'><em>Ἐξελέξατο</em></span> <span class='ocrx_word' id='word_1_67' title='bbox 823 691 845 737; x_wconf 90' lang='grc' dir='ltr'>ὁ</span> <span class='ocrx_word' id='word_1_68' title='bbox 886 690 992 741; x_wconf 81' lang='grc' dir='ltr'><em>θεὸς</em></span> <span class='ocrx_word' id='word_1_69' title='bbox 1022 690 1123 741; x_wconf 78' lang='grc' dir='ltr'><em>τοὺς</em></span> <span class='ocrx_word' id='word_1_70' title='bbox 1160 697 1375 749; x_wconf 75' lang='grc' dir='ltr'><em>πατέρας,</em></span> <span class='ocrx_word' id='word_1_71' title='bbox 1417 695 1696 750; x_wconf 68' lang='grc' dir='ltr'><em>ἐπαγγελίαν</em></span> 
     </span>
     <span class='ocr_line' id='line_1_10' title="bbox 277 767 1696 827; baseline -0.005 -7"><span class='ocrx_word' id='word_1_72' title='bbox 277 776 479 820; x_wconf 81' lang='grc' dir='ltr'><em>δέδωκεν</em></span> <span class='ocrx_word' id='word_1_73' title='bbox 510 772 686 820; x_wconf 79' lang='grc' dir='ltr'><em>αὐτοῖς·</em></span> <span class='ocrx_word' id='word_1_74' title='bbox 733 768 928 827; x_wconf 80' lang='grc' dir='ltr'><em>ἐξήγαγε</em></span> <span class='ocrx_word' id='word_1_75' title='bbox 972 767 1085 812; x_wconf 81' lang='grc' dir='ltr'><em>λαὸν</em></span> <span class='ocrx_word' id='word_1_76' title='bbox 1131 769 1235 825; x_wconf 71' lang='grc' dir='ltr'><em>ἐκ’)</em></span> <span class='ocrx_word' id='word_1_77' title='bbox 1278 772 1359 816; x_wconf 75' lang='grc' dir='ltr'><em>,τοῦ</em></span> <span class='ocrx_word' id='word_1_78' title='bbox 1404 775 1564 827; x_wconf 85' lang='grc' dir='ltr'><em>γένους</em></span> <span class='ocrx_word' id='word_1_79' title='bbox 1607 773 1696 813; x_wconf 87' lang='grc' dir='ltr'><em>τῶν</em></span> 
     </span>
     <span class='ocr_line' id='line_1_11' title="bbox 275 844 1694 909; baseline -0.005 -13"><span class='ocrx_word' id='word_1_80' title='bbox 275 854 484 909; x_wconf 78' lang='grc' dir='ltr'><em>πατέρων</em></span> <span class='ocrx_word' id='word_1_81' title='bbox 505 849 595 893; x_wconf 79' lang='grc' dir='ltr'><em>ἀπὸ</em></span> <span class='ocrx_word' id='word_1_82' title='bbox 611 846 875 905; x_wconf 77' lang='grc' dir='ltr'><em>Αἰγύπτου·</em></span> <span class='ocrx_word' id='word_1_83' title='bbox 899 844 1282 904; x_wconf 80' lang='grc' dir='ltr'><em>ἐμακροθύμησεν</em></span> <span class='ocrx_word' id='word_1_84' title='bbox 1303 848 1352 891; x_wconf 83' lang='grc' dir='ltr'><em>ἐν</em></span> <span class='ocrx_word' id='word_1_85' title='bbox 1371 847 1522 896; x_wconf 80' lang='grc' dir='ltr'><em>αὐτοῖς</em></span> <span class='ocrx_word' id='word_1_86' title='bbox 1537 846 1694 904; x_wconf 74' lang='grc' dir='ltr'><em>α”μαρ-</em></span> 
     </span>
     <span class='ocr_line' id='line_1_12' title="bbox 273 921 1694 982; baseline -0.005 -9"><span class='ocrx_word' id='word_1_87' title='bbox 273 927 503 982; x_wconf 78' lang='grc' dir='ltr'><em>τάνουσιν,</em></span> <span class='ocrx_word' id='word_1_88' title='bbox 542 926 812 971; x_wconf 72' lang='grc' dir='ltr'><em>ἐπαίδευσεν</em></span> <span class='ocrx_word' id='word_1_89' title='bbox 851 922 1011 972; x_wconf 77' lang='grc' dir='ltr'><em>αὐτοὺς</em></span> <span class='ocrx_word' id='word_1_90' title='bbox 1047 921 1105 971; x_wconf 83' lang='grc' dir='ltr'><em>ὠς</em></span> <span class='ocrx_word' id='word_1_91' title='bbox 1134 922 1307 982; x_wconf 81' lang='grc' dir='ltr'><em>πατὴρ,</em></span> <span class='ocrx_word' id='word_1_92' title='bbox 1341 923 1584 981; x_wconf 82' lang='grc' dir='ltr'><em>εἰσήγαγεν</em></span> <span class='ocrx_word' id='word_1_93' title='bbox 1610 924 1694 967; x_wconf 87' lang='grc' dir='ltr'><em>αὐ-</em></span> 
     </span>
     <span class='ocr_line' id='line_1_13' title="bbox 271 1001 1694 1060; baseline -0.003 -11"><span class='ocrx_word' id='word_1_94' title='bbox 271 1004 400 1060; x_wconf 80' lang='grc' dir='ltr'><em>τοὺς,</em></span> <span class='ocrx_word' id='word_1_95' title='bbox 447 1005 618 1048; x_wconf 76' lang='grc' dir='ltr'><em>ἔδωκεν</em></span> <span class='ocrx_word' id='word_1_96' title='bbox 657 1002 809 1051; x_wconf 81' lang='grc' dir='ltr'><em>αὐτοῖς</em></span> <span class='ocrx_word' id='word_1_97' title='bbox 837 1004 926 1059; x_wconf 85' lang='grc' dir='ltr'><em>γῆν</em></span> <span class='ocrx_word' id='word_1_98' title='bbox 957 1001 1255 1058; x_wconf 75' lang='grc' dir='ltr'><em>ἐπαγγελίας·</em></span> <span class='ocrx_word' id='word_1_99' title='bbox 1298 1002 1507 1058; x_wconf 80' lang='grc' dir='ltr'><em>ἔπεμψεν</em></span> <span class='ocrx_word' id='word_1_100' title='bbox 1546 1001 1694 1050; x_wconf 79' lang='grc' dir='ltr'><em>αὐτοῖς</em></span> 
     </span>
     <span class='ocr_line' id='line_1_14' title="bbox 269 1076 1694 1140; baseline -0.004 -14"><span class='ocrx_word' id='word_1_101' title='bbox 269 1080 508 1140; x_wconf 80' lang='grc' dir='ltr'><em>προφήτας</em></span> <span class='ocrx_word' id='word_1_102' title='bbox 538 1077 650 1123; x_wconf 76' lang='grc' dir='ltr'><em>κατὰ</em></span> <span class='ocrx_word' id='word_1_103' title='bbox 667 1079 710 1135; x_wconf 87' lang='lat'><em>²)</em></span> <span class='ocrx_word' id='word_1_104' title='bbox 752 1076 958 1136; x_wconf 78' lang='grc' dir='ltr'><em>καιροὺς,</em></span> <span class='ocrx_word' id='word_1_105' title='bbox 1006 1079 1246 1122; x_wconf 73' lang='grc' dir='ltr'><em>ἐπαίδευσε</em></span> <span class='ocrx_word' id='word_1_106' title='bbox 1296 1081 1372 1121; x_wconf 81' lang='grc' dir='ltr'><em>καὶ</em></span> <span class='ocrx_word' id='word_1_107' title='bbox 1418 1078 1694 1135; x_wconf 72' lang='grc' dir='ltr'><em>ἐπεστρεψεν</em></span> 
     </span>
     <span class='ocr_line' id='line_1_15' title="bbox 270 1152 1692 1213; baseline -0.004 -11"><span class='ocrx_word' id='word_1_108' title='bbox 270 1156 433 1206; x_wconf 81' lang='grc' dir='ltr'><em>αὐτοὺς</em></span> <span class='ocrx_word' id='word_1_109' title='bbox 468 1155 566 1199; x_wconf 80' lang='grc' dir='ltr'><em>α’πὸ</em></span> <span class='ocrx_word' id='word_1_110' title='bbox 605 1158 696 1199; x_wconf 84' lang='grc' dir='ltr'><em>τῶν</em></span> <span class='ocrx_word' id='word_1_111' title='bbox 738 1152 1093 1212; x_wconf 77' lang='grc' dir='ltr'><em>ἁμαρτημάτων.</em></span> <span class='ocrx_word' id='word_1_112' title='bbox 1163 1154 1576 1213; x_wconf 78' lang='grc' dir='ltr'><em>Ἐμακροθύμησεν</em></span> <span class='ocrx_word' id='word_1_113' title='bbox 1622 1154 1692 1199; x_wconf 80' lang='grc' dir='ltr'><em>ἀεὶ</em></span> 
     </span>
     <span class='ocr_line' id='line_1_16' title="bbox 269 1225 1690 1292; baseline -0.004 -12"><span class='ocrx_word' id='word_1_114' title='bbox 269 1239 470 1292; x_wconf 81' lang='grc' dir='ltr'><em>πέμπων</em></span> <span class='ocrx_word' id='word_1_115' title='bbox 510 1231 614 1282; x_wconf 78' lang='grc' dir='ltr'><em>τούς</em></span> <span class='ocrx_word' id='word_1_116' title='bbox 643 1230 1004 1290; x_wconf 77' lang='grc' dir='ltr'><em>θεραπεύοντας,</em></span> <span class='ocrx_word' id='word_1_117' title='bbox 1048 1235 1206 1290; x_wconf 78' lang='grc' dir='ltr'><em>μέχρις</em></span> <span class='ocrx_word' id='word_1_118' title='bbox 1247 1225 1300 1276; x_wconf 76' lang='grc' dir='ltr'><em>οὗ</em></span> <span class='ocrx_word' id='word_1_119' title='bbox 1331 1234 1376 1276; x_wconf 76' lang='grc' dir='ltr'><em>ε’)</em></span> <span class='ocrx_word' id='word_1_120' title='bbox 1382 1238 1438 1292; x_wconf 79' lang='grc' dir='ltr'><em>θη</em></span> <span class='ocrx_word' id='word_1_121' title='bbox 1472 1231 1492 1275; x_wconf 98' lang='lat'>6</span> <span class='ocrx_word' id='word_1_122' title='bbox 1527 1232 1690 1289; x_wconf 66' lang='grc' dir='ltr'><em>ἀργία-</em></span> 
     </span>
     <span class='ocr_line' id='line_1_17' title="bbox 267 1306 1689 1372; baseline -0.004 -15"><span class='ocrx_word' id='word_1_123' title='bbox 267 1329 383 1372; x_wconf 89' lang='grc' dir='ltr'><em>τρος,</em></span> <span class='ocrx_word' id='word_1_124' title='bbox 417 1309 440 1355; x_wconf 85' lang='grc' dir='ltr'>ὁ</span> <span class='ocrx_word' id='word_1_125' title='bbox 473 1311 708 1368; x_wconf 79' lang='grc' dir='ltr'><em>διαφέρων</em></span> <span class='ocrx_word' id='word_1_126' title='bbox 736 1310 990 1367; x_wconf 83' lang='grc' dir='ltr'><em>προφητῶν</em></span> <span class='ocrx_word' id='word_1_127' title='bbox 1019 1306 1267 1365; x_wconf 62' lang='grc' dir='ltr'><em>προφήτης,</em></span> <span class='ocrx_word' id='word_1_128' title='bbox 1303 1307 1324 1351; x_wconf 93' lang='lat'>6</span> <span class='ocrx_word' id='word_1_129' title='bbox 1349 1310 1584 1366; x_wconf 73' lang='grc' dir='ltr'><em>διαφέρων</em></span> <span class='ocrx_word' id='word_1_130' title='bbox 1615 1313 1689 1352; x_wconf 84' lang='grc' dir='ltr'><em>ἰα-</em></span> 
     </span>
     <span class='ocr_line' id='line_1_18' title="bbox 267 1383 1688 1448; baseline -0.003 -14"><span class='ocrx_word' id='word_1_131' title='bbox 267 1393 387 1448; x_wconf 83' lang='grc' dir='ltr'><em>τρῶν</em></span> <span class='ocrx_word' id='word_1_132' title='bbox 415 1386 580 1446; x_wconf 78' lang='grc' dir='ltr'><em>ἰατρός.</em></span> <span class='ocrx_word' id='word_1_133' title='bbox 620 1383 900 1441; x_wconf 79' lang='grc' dir='ltr'><em>Ἐληλυθότα</em></span> <span class='ocrx_word' id='word_1_134' title='bbox 924 1387 1085 1428; x_wconf 88' lang='grc' dir='ltr'><em>τοῦτον</em></span> <span class='ocrx_word' id='word_1_135' title='bbox 1115 1386 1408 1442; x_wconf 81' lang='grc' dir='ltr'><em>προέδωκαν,</em></span> <span class='ocrx_word' id='word_1_136' title='bbox 1454 1389 1530 1428; x_wconf 81' lang='grc' dir='ltr'><em>καὶ</em></span> <span class='ocrx_word' id='word_1_137' title='bbox 1572 1387 1688 1430; x_wconf 81' lang='grc' dir='ltr'><em>ἀπέ-</em></span> 
     </span>
     <span class='ocr_line' id='line_1_19' title="bbox 267 1459 1690 1521; baseline -0.008 -10"><span class='ocrx_word' id='word_1_138' title='bbox 267 1481 463 1512; x_wconf 84' lang='grc' dir='ltr'><em>κτειναν·</em></span> <span class='ocrx_word' id='word_1_139' title='bbox 495 1461 703 1521; x_wconf 76' lang='grc' dir='ltr'><em>,,αἶρε,3)</em></span> <span class='ocrx_word' id='word_1_140' title='bbox 735 1459 847 1521; x_wconf 82' lang='grc' dir='ltr'><em>αἶρε,</em></span> <span class='ocrx_word' id='word_1_141' title='bbox 880 1465 1098 1520; x_wconf 85' lang='grc' dir='ltr'><em>λέγοντες,</em></span> <span class='ocrx_word' id='word_1_142' title='bbox 1133 1459 1222 1505; x_wconf 79' lang='grc' dir='ltr'><em>ἀπὸ</em></span> <span class='ocrx_word' id='word_1_143' title='bbox 1243 1465 1317 1516; x_wconf 88' lang='grc' dir='ltr'><em>τῆς</em></span> <span class='ocrx_word' id='word_1_144' title='bbox 1342 1465 1425 1518; x_wconf 88' lang='grc' dir='ltr'><em>γῆς</em></span> <span class='ocrx_word' id='word_1_145' title='bbox 1441 1461 1519 1506; x_wconf 86' lang='grc' dir='ltr'><em>τὸν</em></span> <span class='ocrx_word' id='word_1_146' title='bbox 1535 1464 1577 1520; x_wconf 77' lang='lat'><em>⁴²)</em></span> <span class='ocrx_word' id='word_1_147' title='bbox 1594 1481 1690 1508; x_wconf 69' lang='lat' dir='ltr'>toz-</span> 
     </span>
     <span class='ocr_line' id='line_1_20' title="bbox 269 1531 1687 1600; baseline -0.003 -11"><span class='ocrx_word' id='word_1_148' title='bbox 269 1548 429 1589; x_wconf 84' lang='grc' dir='ltr'><em>οὖτον·</em></span> <span class='ocrx_word' id='word_1_149' title='bbox 475 1540 740 1600; x_wconf 80' lang='grc' dir='ltr'><em>σταύρωσον</em></span> <span class='ocrx_word' id='word_1_150' title='bbox 785 1538 974 1584; x_wconf 80' lang='grc' dir='ltr'><em>αὐτόν.“</em></span> <span class='ocrx_word' id='word_1_151' title='bbox 1046 1539 1236 1588; x_wconf 77' lang='grc' dir='ltr'><em>Εὐθέως</em></span> <span class='ocrx_word' id='word_1_152' title='bbox 1278 1531 1418 1594; x_wconf 80' lang='grc' dir='ltr'><em>ἦλθεν</em></span> <span class='ocrx_word' id='word_1_153' title='bbox 1463 1540 1687 1596; x_wconf 79' lang='grc' dir='ltr'><em>ἐπισκοπῆ</em></span> 
     </span>
     <span class='ocr_line' id='line_1_21' title="bbox 267 1614 1689 1678; baseline -0.001 -13"><span class='ocrx_word' id='word_1_154' title='bbox 267 1623 345 1666; x_wconf 78' lang='grc' dir='ltr'><em>ἐπὶ</em></span> <span class='ocrx_word' id='word_1_155' title='bbox 376 1619 425 1665; x_wconf 83' lang='grc' dir='ltr'><em>τὸ</em></span> <span class='ocrx_word' id='word_1_156' title='bbox 457 1622 605 1673; x_wconf 78' lang='grc' dir='ltr'><em>ἔθνος,</em></span> <span class='ocrx_word' id='word_1_157' title='bbox 637 1615 857 1676; x_wconf 84' lang='grc' dir='ltr'><em>ἠρημώθη</em></span> <span class='ocrx_word' id='word_1_158' title='bbox 892 1616 913 1661; x_wconf 90' lang='lat'>6</span> <span class='ocrx_word' id='word_1_159' title='bbox 946 1614 1107 1671; x_wconf 87' lang='grc' dir='ltr'><em>τόπος,</em></span> <span class='ocrx_word' id='word_1_160' title='bbox 1150 1618 1264 1660; x_wconf 79' lang='grc' dir='ltr'><em>ἔνθα</em></span> <span class='ocrx_word' id='word_1_161' title='bbox 1295 1615 1574 1678; x_wconf 78' lang='grc' dir='ltr'><em>ἐσταύρωταί</em></span> <span class='ocrx_word' id='word_1_162' title='bbox 1598 1636 1689 1676; x_wconf 87' lang='grc' dir='ltr'><em>μου</em></span> 
     </span>
     <span class='ocr_line' id='line_1_22' title="bbox 268 1690 1690 1754; baseline -0.002 -11"><span class='ocrx_word' id='word_1_163' title='bbox 268 1697 292 1743; x_wconf 89' lang='lat'>6</span> <span class='ocrx_word' id='word_1_164' title='bbox 321 1698 519 1753; x_wconf 87' lang='grc' dir='ltr'><em>Ἰησοῦς·</em></span> <span class='ocrx_word' id='word_1_165' title='bbox 566 1697 792 1746; x_wconf 75' lang='grc' dir='ltr'><em>ἐξελέξατο</em></span> <span class='ocrx_word' id='word_1_166' title='bbox 825 1693 847 1738; x_wconf 88' lang='lat'>6</span> <span class='ocrx_word' id='word_1_167' title='bbox 888 1694 992 1744; x_wconf 83' lang='grc' dir='ltr'><em>θεὸς</em></span> <span class='ocrx_word' id='word_1_168' title='bbox 1023 1690 1131 1738; x_wconf 73' lang='grc' dir='ltr'><em>ἄλλο</em></span> <span class='ocrx_word' id='word_1_169' title='bbox 1171 1695 1318 1744; x_wconf 76' lang='grc' dir='ltr'><em>ἔθνος.</em></span> <span class='ocrx_word' id='word_1_170' title='bbox 1388 1694 1435 1739; x_wconf 89' lang='grc' dir='ltr'><em>Ὁ</em></span> <span class='ocrx_word' id='word_1_171' title='bbox 1474 1696 1690 1754; x_wconf 85' lang='grc' dir='ltr'><em>θερισμὸς</em></span> 
     </span>
     <span class='ocr_line' id='line_1_23' title="bbox 267 1770 1688 1834; baseline -0.003 -13"><span class='ocrx_word' id='word_1_172' title='bbox 267 1774 460 1834; x_wconf 52' lang='grc' dir='ltr'><em>ὁρᾶτεῦ)</em></span> <span class='ocrx_word' id='word_1_173' title='bbox 490 1776 587 1824; x_wconf 85' lang='grc' dir='ltr'><em>πῶς</em></span> <span class='ocrx_word' id='word_1_174' title='bbox 614 1771 756 1821; x_wconf 85' lang='grc' dir='ltr'><em>πολύς</em></span> <span class='ocrx_word' id='word_1_175' title='bbox 786 1773 921 1826; x_wconf 85' lang='grc' dir='ltr'><em>ἐστιν,</em></span> <span class='ocrx_word' id='word_1_176' title='bbox 955 1774 995 1815; x_wconf 80' lang='grc' dir='ltr'><em>εἰ</em></span> <span class='ocrx_word' id='word_1_177' title='bbox 1024 1775 1102 1814; x_wconf 81' lang='grc' dir='ltr'><em>καὶ</em></span> <span class='ocrx_word' id='word_1_178' title='bbox 1135 1774 1178 1815; x_wconf 83' lang='grc' dir='ltr'><em>οἱ</em></span> <span class='ocrx_word' id='word_1_179' title='bbox 1208 1770 1393 1830; x_wconf 77' lang='grc' dir='ltr'><em>ἐργάται</em></span> <span class='ocrx_word' id='word_1_180' title='bbox 1419 1773 1565 1831; x_wconf 78' lang='grc' dir='ltr'><em>ὀλίγοι</em></span> <span class='ocrx_word' id='word_1_181' title='bbox 1590 1777 1688 1818; x_wconf 76' lang='grc' dir='ltr'><em>εἰσί.</em></span> 
     </span>
     <span class='ocr_line' id='line_1_24' title="bbox 263 1846 1688 1907; baseline -0.002 -10"><span class='ocrx_word' id='word_1_182' title='bbox 263 1856 357 1897; x_wconf 85' lang='grc' dir='ltr'><em>Καὶ</em></span> <span class='ocrx_word' id='word_1_183' title='bbox 395 1848 596 1907; x_wconf 62' lang='grc' dir='ltr'><em>ἅλλωςδ)</em></span> <span class='ocrx_word' id='word_1_184' title='bbox 638 1851 687 1894; x_wconf 80' lang='grc' dir='ltr'><em>δὲ</em></span> <span class='ocrx_word' id='word_1_185' title='bbox 727 1851 964 1905; x_wconf 77' lang='grc' dir='ltr'><em>οἰκονομεῖ</em></span> <span class='ocrx_word' id='word_1_186' title='bbox 999 1846 1021 1891; x_wconf 90' lang='lat'>6</span> <span class='ocrx_word' id='word_1_187' title='bbox 1064 1847 1170 1898; x_wconf 84' lang='grc' dir='ltr'><em>θεὸς</em></span> <span class='ocrx_word' id='word_1_188' title='bbox 1213 1848 1300 1904; x_wconf 75' lang='grc' dir='ltr'><em>τὴν</em></span> <span class='ocrx_word' id='word_1_189' title='bbox 1344 1849 1569 1907; x_wconf 83' lang='grc' dir='ltr'><em>σαγήνην,</em></span> <span class='ocrx_word' id='word_1_190' title='bbox 1618 1852 1688 1896; x_wconf 78' lang='grc' dir='ltr'><em>ἀεὶ</em></span> 
     </span>
     <span class='ocr_line' id='line_1_25' title="bbox 257 1924 1685 1987; baseline -0.003 -12"><span class='ocrx_word' id='word_1_191' title='bbox 257 1929 505 1987; x_wconf 78' lang='grc' dir='ltr'><em>βάλλεσθαι</em></span> <span class='ocrx_word' id='word_1_192' title='bbox 540 1929 615 1971; x_wconf 77' lang='grc' dir='ltr'><em>ἐπὶ</em></span> <span class='ocrx_word' id='word_1_193' title='bbox 646 1925 727 1981; x_wconf 86' lang='grc' dir='ltr'><em>τὴν</em></span> <span class='ocrx_word' id='word_1_194' title='bbox 757 1924 999 1969; x_wconf 80' lang='grc' dir='ltr'><em>θάλασσαν</em></span> <span class='ocrx_word' id='word_1_195' title='bbox 1026 1928 1106 1969; x_wconf 87' lang='grc' dir='ltr'><em>τοῦ</em></span> <span class='ocrx_word' id='word_1_196' title='bbox 1137 1931 1239 1981; x_wconf 85' lang='grc' dir='ltr'><em>βίου</em></span> <span class='ocrx_word' id='word_1_197' title='bbox 1264 1925 1439 1982; x_wconf 83' lang='grc' dir='ltr'><em>τούτου,</em></span> <span class='ocrx_word' id='word_1_198' title='bbox 1472 1931 1548 1971; x_wconf 81' lang='grc' dir='ltr'><em>καὶ</em></span> <span class='ocrx_word' id='word_1_199' title='bbox 1572 1944 1685 1972; x_wconf 90' lang='grc' dir='ltr'><em>συν-</em></span> 
     </span>
    </p>
   </div>
   <div class='ocr_carea' id='block_1_3' title="bbox 270 2061 500 2068">
    <p class='ocr_par' dir='ltr' id='par_1_3' title="bbox 270 2061 500 2068">
     <span class='ocr_line' id='line_1_26' title="bbox 270 2061 500 2068; baseline 0 1044"><span class='ocrx_word' id='word_1_200' title='bbox 270 2061 500 2068; x_wconf 95' lang='lat' dir='ltr'><em> </em></span> 
     </span>
    </p>
   </div>
   <div class='ocr_carea' id='block_1_4' title="bbox 1617 2146 1636 2155">
    <p class='ocr_par' dir='ltr' id='par_1_4' title="bbox 1617 2146 1636 2155">
     <span class='ocr_line' id='line_1_27' title="bbox 1617 2146 1636 2155; baseline 0 0"><span class='ocrx_word' id='word_1_201' title='bbox 1617 2146 1636 2155; x_wconf 70' lang='lat'><em>-1</em></span> 
     </span>
    </p>
   </div>
   <div class='ocr_carea' id='block_1_5' title="bbox 255 2141 1683 2704">
    <p class='ocr_par' dir='ltr' id='par_1_5' title="bbox 379 2141 1683 2202">
     <span class='ocr_line' id='line_1_28' title="bbox 379 2141 1683 2202; baseline 0.003 -18"><span class='ocrx_word' id='word_1_202' title='bbox 379 2145 419 2202; x_wconf 83' lang='lat'><em>¹)</em></span> <span class='ocrx_word' id='word_1_203' title='bbox 451 2144 503 2186; x_wconf 89' lang='lat' dir='ltr'><em>H.</em></span> <span class='ocrx_word' id='word_1_204' title='bbox 522 2143 635 2184; x_wconf 87' lang='lat' dir='ltr'>solus</span> <span class='ocrx_word' id='word_1_205' title='bbox 652 2143 706 2183; x_wconf 80' lang='lat' dir='ltr'><em>ad</em></span> <span class='ocrx_word' id='word_1_206' title='bbox 724 2142 980 2195; x_wconf 79' lang='lat' dir='ltr'>marginem:</span> <span class='ocrx_word' id='word_1_207' title='bbox 1014 2141 1149 2191; x_wconf 82' lang='lat' dir='ltr'>‚,C0d.</span> <span class='ocrx_word' id='word_1_208' title='bbox 1172 2141 1416 2184; x_wconf 79' lang='lat' dir='ltr'>Vaticanus:</span> <span class='ocrx_word' id='word_1_209' title='bbox 1447 2142 1536 2186; x_wconf 77' lang='grc' dir='ltr'><em>ἀπὸ</em></span> <span class='ocrx_word' id='word_1_210' title='bbox 1557 2151 1683 2187; x_wconf 86' lang='grc' dir='ltr'><em>του.“</em></span> 
     </span>
    </p>

    <p class='ocr_par' dir='ltr' id='par_1_6' title="bbox 257 2212 1682 2371">
     <span class='ocr_line' id='line_1_29' title="bbox 377 2212 1681 2271; baseline 0 -17"><span class='ocrx_word' id='word_1_211' title='bbox 377 2215 419 2271; x_wconf 86' lang='lat'><em>²)</em></span> <span class='ocrx_word' id='word_1_212' title='bbox 451 2214 504 2254; x_wconf 88' lang='lat' dir='ltr'><em>H.</em></span> <span class='ocrx_word' id='word_1_213' title='bbox 535 2212 578 2253; x_wconf 82' lang='lat' dir='ltr'><em>in</em></span> <span class='ocrx_word' id='word_1_214' title='bbox 608 2224 748 2253; x_wconf 82' lang='lat' dir='ltr'><strong>textu:</strong></span> <span class='ocrx_word' id='word_1_215' title='bbox 781 2230 953 2267; x_wconf 81' lang='grc' dir='ltr'><em>,παοα</em></span> <span class='ocrx_word' id='word_1_216' title='bbox 962 2213 990 2233; x_wconf 69' lang='grc'><em>“’</em></span> <span class='ocrx_word' id='word_1_217' title='bbox 1022 2213 1074 2252; x_wconf 78' lang='lat' dir='ltr'><em>ad</em></span> <span class='ocrx_word' id='word_1_218' title='bbox 1104 2212 1355 2265; x_wconf 77' lang='lat' dir='ltr'>marginem:</span> <span class='ocrx_word' id='word_1_219' title='bbox 1401 2214 1535 2263; x_wconf 88' lang='lat' dir='ltr'>‚,C0d.</span> <span class='ocrx_word' id='word_1_220' title='bbox 1568 2214 1681 2254; x_wconf 81' lang='lat' dir='ltr'>Vati-</span> 
     </span>
     <span class='ocr_line' id='line_1_30' title="bbox 260 2266 1682 2323; baseline -0.002 -9"><span class='ocrx_word' id='word_1_221' title='bbox 260 2289 405 2314; x_wconf 82' lang='lat' dir='ltr'><strong>canus:</strong></span> <span class='ocrx_word' id='word_1_222' title='bbox 438 2268 566 2314; x_wconf 78' lang='grc' dir='ltr'><em>κατά.</em></span> <span class='ocrx_word' id='word_1_223' title='bbox 574 2272 601 2292; x_wconf 84' lang='grc'>“</span> <span class='ocrx_word' id='word_1_224' title='bbox 633 2270 683 2310; x_wconf 92' lang='lat' dir='ltr'><em>R.</em></span> <span class='ocrx_word' id='word_1_225' title='bbox 713 2269 757 2309; x_wconf 87' lang='lat' dir='ltr'><em>in</em></span> <span class='ocrx_word' id='word_1_226' title='bbox 784 2280 921 2309; x_wconf 85' lang='lat' dir='ltr'><strong>textu:</strong></span> <span class='ocrx_word' id='word_1_227' title='bbox 953 2266 1150 2323; x_wconf 54' lang='lat' dir='ltr'><em>„narcif‘</em></span> <span class='ocrx_word' id='word_1_228' title='bbox 1183 2269 1223 2309; x_wconf 88' lang='lat' dir='ltr'><em>in</em></span> <span class='ocrx_word' id='word_1_229' title='bbox 1246 2269 1381 2312; x_wconf 87' lang='lat' dir='ltr'>notis:</span> <span class='ocrx_word' id='word_1_230' title='bbox 1413 2270 1547 2320; x_wconf 89' lang='lat' dir='ltr'>‚,C0d.</span> <span class='ocrx_word' id='word_1_231' title='bbox 1579 2272 1682 2312; x_wconf 87' lang='lat' dir='ltr'>Sco-</span> 
     </span>
     <span class='ocr_line' id='line_1_31' title="bbox 257 2322 659 2382; baseline -0.008 -12"><span class='ocrx_word' id='word_1_232' title='bbox 257 2327 468 2371; x_wconf 80' lang='lat' dir='ltr'>rialensis:</span> <span class='ocrx_word' id='word_1_233' title='bbox 502 2322 659 2382; x_wconf 67' lang='grc' dir='ltr'><em>παροῖ.ς</em></span> 
     </span>
    </p>

    <p class='ocr_par' dir='ltr' id='par_1_7' title="bbox 255 2395 1679 2509">
     <span class='ocr_line' id='line_1_32' title="bbox 374 2395 1679 2455; baseline -0.001 -17"><span class='ocrx_word' id='word_1_234' title='bbox 374 2397 427 2455; x_wconf 81' lang='lat'><em>³)</em></span> <span class='ocrx_word' id='word_1_235' title='bbox 450 2396 534 2438; x_wconf 88' lang='lat' dir='ltr'>Cfr.</span> <span class='ocrx_word' id='word_1_236' title='bbox 576 2411 639 2435; x_wconf 85' lang='lat' dir='ltr'><em>ev.</em></span> <span class='ocrx_word' id='word_1_237' title='bbox 680 2395 828 2436; x_wconf 82' lang='lat' dir='ltr'>Joann.</span> <span class='ocrx_word' id='word_1_238' title='bbox 862 2395 988 2444; x_wconf 87' lang='lat' dir='ltr'>XIX,</span> <span class='ocrx_word' id='word_1_239' title='bbox 1035 2395 1098 2437; x_wconf 86' lang='grc'><em>15.</em></span> <span class='ocrx_word' id='word_1_240' title='bbox 1133 2396 1231 2437; x_wconf 92' lang='lat' dir='ltr'>coll.</span> <span class='ocrx_word' id='word_1_241' title='bbox 1264 2396 1302 2439; x_wconf 90' lang='grc'><em>6.</em></span> <span class='ocrx_word' id='word_1_242' title='bbox 1333 2422 1386 2428; x_wconf 91' lang='lat'><strong>—</strong></span> <span class='ocrx_word' id='word_1_243' title='bbox 1417 2397 1530 2443; x_wconf 84' lang='lat' dir='ltr'>Edd.</span> <span class='ocrx_word' id='word_1_244' title='bbox 1558 2398 1610 2439; x_wconf 93' lang='lat' dir='ltr'><em>H.</em></span> <span class='ocrx_word' id='word_1_245' title='bbox 1640 2410 1679 2437; x_wconf 75' lang='lat' dir='ltr'><em>et</em></span> 
     </span>
     <span class='ocr_line' id='line_1_33' title="bbox 255 2447 657 2509; baseline -0.008 -13"><span class='ocrx_word' id='word_1_246' title='bbox 255 2456 307 2496; x_wconf 84' lang='lat' dir='ltr'><em>R.</em></span> <span class='ocrx_word' id='word_1_247' title='bbox 339 2469 486 2509; x_wconf 84' lang='grc' dir='ltr'><em>,,αιρε,</em></span> <span class='ocrx_word' id='word_1_248' title='bbox 526 2447 657 2507; x_wconf 46' lang='grc' dir='ltr'><em>αἶρε)</em></span> 
     </span>
    </p>

    <p class='ocr_par' dir='ltr' id='par_1_8' title="bbox 256 2518 1676 2623">
     <span class='ocr_line' id='line_1_34' title="bbox 353 2518 1676 2590; baseline 0.003 -28.049"><span class='ocrx_word' id='word_1_249' title='bbox 353 2520 411 2590; x_wconf 82' lang='lat'><em>⁴)</em></span> <span class='ocrx_word' id='word_1_250' title='bbox 441 2521 551 2562; x_wconf 88' lang='lat' dir='ltr'><em>Edd</em></span> <span class='ocrx_word' id='word_1_251' title='bbox 582 2520 634 2560; x_wconf 89' lang='lat' dir='ltr'>H.</span> <span class='ocrx_word' id='word_1_252' title='bbox 675 2518 788 2574; x_wconf 85' lang='grc' dir='ltr'><em>,,τὸν</em></span> <span class='ocrx_word' id='word_1_253' title='bbox 817 2524 1048 2564; x_wconf 84' lang='grc' dir='ltr'><em>τοιοῦτον·</em></span> <span class='ocrx_word' id='word_1_254' title='bbox 1094 2520 1374 2578; x_wconf 82' lang='grc' dir='ltr'><em>σταύρωσον,</em></span> <span class='ocrx_word' id='word_1_255' title='bbox 1409 2522 1676 2580; x_wconf 80' lang='grc' dir='ltr'><em>σταύρωσον</em></span> 
     </span>
     <span class='ocr_line' id='line_1_35' title="bbox 256 2577 427 2623; baseline -0.007 0"><span class='ocrx_word' id='word_1_256' title='bbox 256 2577 427 2623; x_wconf 64' lang='grc' dir='ltr'><em>αὐτόν.ί</em></span> 
     </span>
    </p>

    <p class='ocr_par' dir='ltr' id='par_1_9' title="bbox 368 2645 1669 2704">
     <span class='ocr_line' id='line_1_36' title="bbox 368 2645 1669 2704; baseline -0.001 -15"><span class='ocrx_word' id='word_1_257' title='bbox 368 2649 410 2704; x_wconf 87' lang='lat'><em>⁵)</em></span> <span class='ocrx_word' id='word_1_258' title='bbox 439 2648 493 2689; x_wconf 90' lang='lat' dir='ltr'><em>H.</em></span> <span class='ocrx_word' id='word_1_259' title='bbox 513 2645 685 2688; x_wconf 84' lang='lat' dir='ltr'>solusin</span> <span class='ocrx_word' id='word_1_260' title='bbox 705 2657 841 2687; x_wconf 80' lang='lat' dir='ltr'><strong>textu:</strong></span> <span class='ocrx_word' id='word_1_261' title='bbox 875 2645 1107 2701; x_wconf 75' lang='grc' dir='ltr'><em>ὁρᾶται,ί</em></span> <span class='ocrx_word' id='word_1_262' title='bbox 1114 2649 1208 2689; x_wconf 80' lang='lat' dir='ltr'><em>‘ad</em></span> <span class='ocrx_word' id='word_1_263' title='bbox 1233 2664 1361 2702; x_wconf 81' lang='lat' dir='ltr'>marg.</span> <span class='ocrx_word' id='word_1_264' title='bbox 1384 2665 1502 2690; x_wconf 82' lang='lat' dir='ltr'>vero:</span> <span class='ocrx_word' id='word_1_265' title='bbox 1536 2649 1669 2700; x_wconf 85' lang='lat' dir='ltr'>‚,Cod</span> 
     </span>
    </p>
   </div>
   <div class='ocr_carea' id='block_1_6' title="bbox 250 2702 1306 2831">
    <p class='ocr_par' dir='ltr' id='par_1_10' title="bbox 250 2702 1306 2831">
     <span class='ocr_line' id='line_1_37' title="bbox 250 2702 1306 2762; baseline -0.003 -14"><span class='ocrx_word' id='word_1_266' title='bbox 250 2705 495 2748; x_wconf 80' lang='lat' dir='ltr'>Vaticanus:</span> <span class='ocrx_word' id='word_1_267' title='bbox 531 2702 677 2762; x_wconf 83' lang='grc' dir='ltr'><em>ὁρᾶτε.</em></span> <span class='ocrx_word' id='word_1_268' title='bbox 686 2705 715 2725; x_wconf 84' lang='grc'><strong>“</strong></span> <span class='ocrx_word' id='word_1_269' title='bbox 747 2726 797 2732; x_wconf 90' lang='grc'>-</span> <span class='ocrx_word' id='word_1_270' title='bbox 832 2703 917 2745; x_wconf 82' lang='lat' dir='ltr'>Cfr.</span> <span class='ocrx_word' id='word_1_271' title='bbox 943 2704 1094 2746; x_wconf 86' lang='lat' dir='ltr'>Matth.</span> <span class='ocrx_word' id='word_1_272' title='bbox 1129 2705 1203 2756; x_wconf 86' lang='lat' dir='ltr'><em>IX,</em></span> <span class='ocrx_word' id='word_1_273' title='bbox 1239 2703 1306 2748; x_wconf 83' lang='lat'><em>37.</em></span> 
     </span>
     <span class='ocr_line' id='line_1_38' title="bbox 362 2769 1068 2831; baseline 0.003 -15"><span class='ocrx_word' id='word_1_274' title='bbox 362 2774 405 2831; x_wconf 84' lang='lat'><em>⁶)</em></span> <span class='ocrx_word' id='word_1_275' title='bbox 431 2773 609 2816; x_wconf 79' lang='lat' dir='ltr'>Huetius</span> <span class='ocrx_word' id='word_1_276' title='bbox 639 2789 881 2831; x_wconf 81' lang='lat' dir='ltr'>perperam:</span> <span class='ocrx_word' id='word_1_277' title='bbox 914 2769 1068 2823; x_wconf 63' lang='lat' dir='ltr'><em>‹ll-..203</em></span> 
     </span>
    </p>
   </div>
  </div>
 </body>
</html>
