1734 3112
654 79 794 121 Lmen
825 80 903 120 ΙΙΙ,
1439 83 1494 127 25

71 199 226 235 tuam.“
286 194 341 234 Et
369 192 542 234 iterum:
577 190 676 247 „qui
697 191 736 246 ¹)
767 207 855 233 non
887 190 977 232 odit
1007 196 1211 247 patrem,“
1246 204 1285 246 et
1312 194 1494 252 reliqua,

70 272 112 312 in
146 287 229 327 quo
258 270 452 326 profecto
482 267 766 322 nimietatis2)
802 269 947 310 caritas
977 268 1020 310 in
1037 270 1180 310 Deum
1209 269 1286 320 his,
1320 270 1392 327 qui
1422 274 1491 314 ad-

71 359 309 396 versantur,
353 345 609 388 contrarium
648 345 817 388 videtur
846 363 1041 399 generare
1072 347 1276 388 affectum
1294 348 1359 404 ³),
1392 350 1493 392 dum

71 425 185 466 nulla
215 434 356 480 potest
387 439 472 465 esse
505 423 775 464 consonantia
806 424 891 465 lvuci
925 435 966 464 et
1004 424 1210 474 tenebris,
1255 436 1295 465 et
1326 425 1494 469 Christo

74 518 166 543 cum
203 499 364 551 Belial,
408 517 486 542 nec
527 501 674 542 eadem
713 500 857 557 portio
901 516 987 542 esse
1024 500 1143 541 fideli
1184 518 1279 543 cum
1318 502 1495 547 infideli.

71 578 146 620 His
182 593 303 630 ergO,
342 590 389 619 ut
430 577 670 635 potuimus,
714 578 766 619 de
808 577 986 620 caritatis
1021 577 1238 620 ordinibus
1283 581 1496 637 expositis,

70 666 185 712 patet
215 655 268 696 ad
297 654 638 713 intelligendum,
671 655 773 712 quid
803 656 882 705 sit,
925 657 1040 713 quod
1069 668 1217 712 poscat
1247 674 1422 714 sponsa,
1453 660 1499 702 id

71 744 144 783 est,
175 732 362 782 ecclesia,
395 733 463 774 vel
487 733 623 775 anima
654 734 830 775 tendens
861 735 914 774 ad
943 734 1265 790 perfectionem,
1294 738 1497 793 praestari

69 809 149 851 sibi
178 811 229 850 ab
260 810 404 851 amicis
434 811 590 867 sponsi,
624 811 825 868 quoniam
859 810 1073 851 introduci
1103 827 1144 852 se
1168 827 1424 870 poposcerat
1455 815 1499 856 in

71 890 247 929 domum
265 888 365 938 vini,
396 888 469 929 ubi
499 888 587 931 sine
619 889 749 931 dubio
782 888 1046 930 intellexerat
1068 888 1110 931 in
1142 890 1337 932 omnibus
1360 892 1422 934 his
1440 892 1498 947 ⁴),

71 983 175 1023 quae
206 966 387 1017 viderat,
429 967 613 1009 eminere
646 979 686 1008 et
716 966 975 1023 praecellere
1007 967 1181 1020 gratiam
1215 968 1416 1020 caritatis,
1457 981 1499 1011 et

69 1044 203 1100 ipsam
234 1044 438 1086 didicerat
465 1043 674 1102 majorem
713 1045 927 1095 omnium,
965 1045 1185 1102 solamque
1225 1062 1312 1088 esse
1353 1047 1499 1089 carita-

69 1134 169 1172 tem,
200 1138 305 1179 quae
333 1139 548 1180 nunquam
579 1125 721 1165 cadet:
753 1123 851 1164 ideo
880 1123 1086 1179 deposcit,
1115 1135 1163 1165 ut
1190 1124 1383 1166 ordinem
1411 1125 1499 1183 ejus

72 1200 213 1251 discat,
243 1218 296 1242 ne
325 1201 437 1243 forte
469 1201 631 1258 aliquid
660 1201 949 1243 inordinatum
979 1201 1149 1252 faciens,
1183 1203 1335 1244 vulnus
1367 1205 1418 1245 ab
1451 1221 1498 1246 ea

69 1278 244 1334 aliquod
267 1279 457 1336 accipiat,
486 1291 531 1321 ut
561 1280 606 1321 in
629 1279 937 1336 posterioribus
963 1279 1137 1322 dicitur:
1171 1281 1440 1330 „wilneratae
1457 1283 1498 1338 ⁵)

71 1356 251 1398 caritatis
283 1373 357 1411 ego
390 1363 525 1399 sum.“
582 1357 646 1398 Ea
677 1368 816 1398 autem
849 1356 993 1411 six-e6)
1036 1358 1087 1398 ab
1130 1358 1286 1411 angelis
1319 1359 1404 1401 dici
1434 1378 1501 1402 aen

72 1434 286 1490 cipiamus‚
317 1452 340 1476 a
371 1435 522 1491 quibus
552 1451 595 1476 se
624 1434 774 1475 instrui
804 1434 994 1490 postulat
1025 1446 1066 1475 et
1089 1434 1259 1485 muniri,
1288 1435 1395 1477 nihil
1427 1439 1499 1479 ab·

71 1513 245 1552 surdum
260 1511 486 1562 videbitur,
515 1512 746 1553 secundum
775 1511 870 1561 hoc,
903 1513 1019 1568 quod
1050 1513 1102 1553 de
1131 1513 1297 1569 populo
1322 1514 1497 1557 dicitur:

72 1588 374 1645 ‚,laetamini⁷)
411 1601 554 1642 gentes
594 1605 691 1630 cum
720 1589 886 1645 populo
929 1588 1038 1647 ejus,
1080 1602 1122 1631 et
1154 1591 1395 1633 confortent
1427 1609 1500 1635 eos

74 1683 219 1707 omnes
249 1665 384 1719 angeli
413 1666 539 1707 Dei.“
597 1667 653 1707 Et
682 1678 730 1707 ut
760 1665 802 1707 in
835 1666 927 1707 aliis
961 1667 1136 1709 dicitur:
1170 1668 1496 1727 ‚‚circumdat⁸)

69 1744 236 1798 angelus
276 1743 454 1785 Domini
499 1744 542 1785 in
584 1744 763 1786 circuitu
806 1744 1048 1786 timentium
1095 1762 1212 1796 eum,
1262 1757 1303 1787 et
1346 1747 1497 1804 eripiet

71 1828 185 1863 eos.“
243 1821 299 1862 Et
328 1821 429 1862 item
461 1821 582 1863 alibi:
616 1821 777 1873 „nolite
793 1824 835 1879 ⁹)
870 1835 1140 1865 contemnere
1170 1841 1305 1866 unum
1339 1841 1386 1866 ex
1417 1826 1496 1868 mi·

68 1899 190 1941 nimis
219 1899 320 1950 istis,
354 1899 426 1956 qui
451 1900 496 1941 in
523 1900 698 1942 ecclesia
727 1913 836 1951 sunt,
869 1901 965 1957 quia
987 1901 1124 1955 angeli
1149 1917 1296 1943 eorum
1327 1919 1496 1961 semper

67 1977 212 2019 vident
249 1976 401 2018 faciem
438 1978 568 2035 patris
597 1979 702 2028 mei,
743 1978 814 2035 qui
854 1978 897 2019 in
942 1979 1072 2020 coelis
1104 1985 1206 2021 est.“
1267 1981 1353 2023 Sed
1386 1993 1427 2022 et
1456 1982 1500 2025 in

69 2055 330 2114 Apocalypsi
349 2056 523 2098 Joannis
553 2058 700 2110 angelo
719 2056 986 2115 Thyatirensi
1006 2058 1074 2114 ¹⁰)
1106 2057 1397 2101 testimonium
1429 2061 1500 2102 dat

66 2134 179 2176 filius
215 2134 299 2176 Dei
337 2151 417 2191 pro
461 2135 654 2185 caritate,
701 2152 826 2191 quam
868 2135 1078 2177 ordinavit
1118 2136 1288 2189 angelus
1327 2137 1418 2195 ipse
1455 2138 1497 2179 in

187 2303 227 2360 1)
257 2306 357 2347 Luc.
392 2307 508 2356 XIV,
540 2305 608 2349 25.

188 2375 231 2431 ²)
262 2374 370 2416 Edd.
400 2377 460 2419 Μ.
493 2375 725 2427 „inimicus
757 2375 938 2418 caritatis
968 2377 1046 2418 in“
1075 2387 1153 2417 etc.

187 2446 230 2501 ³)
260 2444 370 2486 Edd.
400 2446 461 2488 M.
493 2448 774 2496 ‚,effectum.“

187 2515 228 2570 4)
261 2516 394 2556 Deest
425 2517 556 2566 ,‚his“
586 2519 631 2559 in
661 2520 754 2561 edd.
788 2520 849 2564 M.
969 2520 1010 2576 ⁵)
1044 2518 1204 2562 Cantic.
1236 2519 1300 2568 II,
1331 2520 1370 2562 5.

187 2586 228 2639 ⁶)
257 2586 366 2626 Edd.
398 2585 459 2627 Μ.
505 2587 629 2636 „sive
667 2590 721 2630 ad
759 2591 929 2644 angelos
968 2589 1052 2632 Dei
1093 2589 1359 2646 accipiamus.
1374 2597 1398 2614 “
1442 2613 1491 2622 —

69 2642 282 2696 Legerim:
328 2642 449 2693 „sive
480 2644 534 2684 ad
564 2646 734 2698 angelos
764 2647 849 2689 dici
879 2647 1147 2704 accipiamus.
1160 2653 1185 2670 “

186 2714 226 2768 7)
257 2714 383 2754 Deut·
414 2713 610 2764 XXXII,
639 2714 708 2758 43·
825 2716 871 2775 ³)
900 2718 1056 2761 Psalm.
1086 2717 1289 2767 xxxiv,
1320 2715 1356 2758 7.

185 2783 226 2838 ⁹)
257 2783 408 2824 Matth.
439 2784 611 2833 XVIII,
643 2783 710 2826 10.

160 2853 228 2908 ¹0)
259 2853 367 2895 Edd.
399 2853 460 2895 M.
507 2852 852 2903 ,‚Thiatirensi.“
