1734 3112
232 61 288 105 86
535 60 755 104 OmGEms
786 75 830 104 m
864 62 1045 105 CANTIC.
1081 61 1382 105 CANTmORUm

236 173 308 230 qui
341 173 536 215 dixerunt
563 174 783 216 Domino:
818 174 983 231 ‚,exi¹),
1017 186 1056 215 et
1088 175 1191 216 vade
1223 174 1333 224 hinc,
1365 173 1461 230 quia
1477 174 1673 216 Herodes

237 251 329 292 vult
356 262 397 291 tc
430 250 685 293 occidere:“
717 252 939 309 respondit
955 253 1096 294 Jesus:
1130 264 1305 302 „euntes
1324 252 1367 308 ²)
1399 251 1526 292 dicite
1549 252 1670 307 vulpi

239 327 356 368 huic:
389 345 485 369 cccc
517 344 593 382 ego
626 329 749 386 ejicio
783 329 1017 380 daemonia,
1050 340 1092 369 et
1118 328 1313 369 sanitates
1333 328 1510 385 perficio
1542 328 1670 369 hodie
1732 372 1734 376 ι

241 416 283 446 et
313 405 504 456 crastina,
536 418 578 447 et
607 407 649 448 in
681 407 749 448 die
780 408 901 449 tertia
934 408 1305 448 consummabor.“
1351 408 1399 447 In
1431 406 1542 446 libro
1568 421 1674 462 quo-

243 499 322 539 que
362 483 564 524 Judicum
604 484 805 536 Samson,
854 501 950 526 cum
986 501 1115 534 uxor,
1158 500 1264 540 quae
1305 495 1393 525 erat
1431 500 1478 524 ex
1523 498 1676 536 genere

241 559 579 612 philistinorum,
611 561 648 602 ei
678 561 826 603 fuisset
849 564 1003 613 ablata,
1033 563 1092 604 ait
1122 563 1175 604 ad
1202 572 1368 617 patrem
1388 560 1495 618 ejus:
1526 560 1677 610 „inno-

244 638 396 694 cens3)
427 655 520 679 sum
552 654 628 691 ego
660 639 736 679 hac
768 638 858 679 vice
899 641 951 680 ab
981 638 1253 697 Allophylis,
1293 637 1390 694 quia
1419 637 1571 678 faciam
1602 653 1678 678 vo-

242 715 406 757 biscum
436 717 559 757 mala.
618 716 674 757 Et
703 716 806 758 abiit
837 717 1041 767 Samson,
1088 729 1129 758 et
1158 715 1322 771 accepit
1351 724 1557 756 trecentas
1586 715 1676 755 vul-

245 809 335 849 pes,
367 804 409 834 et
438 792 603 849 accepit
619 794 848 851 lampades,
882 806 922 835 et
953 794 1099 847 ligavit
1129 794 1304 834 caudam
1335 794 1387 834 ad
1418 793 1607 843 caudam,
1638 803 1680 833 et

245 871 392 926 posuit
437 871 680 927 lampadem
722 888 848 912 unam
894 872 1004 913 inter
1048 873 1148 912 duas
1188 871 1337 912 caudas
1374 869 1590 926 vulpium:
1638 880 1680 910 et

246 948 439 989 accendit
467 948 608 1001 ignem
637 950 680 990 in
710 949 990 1005 lampadibus,
1021 961 1062 990 et
1092 949 1231 990 emisit
1257 946 1384 1002 eas4)
1415 963 1495 1003 per
1523 962 1681 987 messes

250 1025 605 1084 Allophylorum,
652 1037 692 1067 et
731 1026 922 1068 incendit
964 1043 1110 1068 omnes
1140 1043 1296 1068 messes
1328 1040 1498 1074 eorum,
1539 1035 1581 1064 et
1609 1023 1683 1064 sti-

250 1103 372 1159 pulas
402 1120 565 1154 eorum,
598 1115 639 1145 et
669 1103 810 1145 vineas
842 1120 1004 1156 eorum,
1036 1116 1078 1145 et
1108 1104 1266 1145 oliveta
1296 1108 1487 1145 eorum.“
1528 1101 1681 1143 Adhuc

251 1191 392 1221 autem
409 1180 450 1237 ⁵)
489 1181 532 1222 in
562 1182 749 1222 secundo
790 1181 900 1222 libro
931 1181 1113 1231 Esdrae‚
1153 1182 1228 1222 ubi
1258 1179 1473 1236 Tobiasfi)
1503 1180 1682 1220 Ammo·
1731 1189 1734 1223 f

252 1257 359 1299 nites
397 1258 623 1314 impedivit
651 1258 991 1300 aedificationem
1021 1275 1192 1309 eorum,
1234 1260 1306 1315 qui
1343 1259 1396 1299 de
1438 1257 1682 1314 captivitate

250 1335 482 1387 redierant,
538 1347 587 1376 ut
626 1335 897 1377 aedificarent
934 1336 1146 1392 templum
1185 1347 1227 1377 et
1272 1352 1465 1387 murum,
1527 1336 1585 1376 ait
1627 1335 1680 1376 ad

253 1412 532 1471 Allophylos:
572 1412 817 1469 „numquid
834 1413 873 1470 ⁷)
904 1412 974 1454 isti
1003 1413 1317 1463 sacrificabunt,
1355 1425 1427 1454 aut
1457 1413 1685 1454 comedent
1730 1415 1734 1424 ⁴

253 1490 473 1532 immolata
502 1491 545 1532 in
583 1491 667 1532 hoc
699 1491 830 1533 loco?
889 1492 1043 1532 Nonne
1075 1491 1387 1546 adscendentS)
1428 1490 1601 1546 vulpes,
1641 1501 1684 1532 et
1732 1508 1734 1512 ¹

257 1569 472 1610 destruent
501 1585 671 1610 murum
699 1569 906 1626 ipsorum,
937 1584 1064 1625 quem
1095 1584 1144 1608 ex
1174 1567 1387 1623 lapidibus
1405 1567 1684 1610 aedificant?“

255 1647 371 1687 Haec
399 1658 495 1687 sunt
533 1646 704 1688 interim
741 1663 849 1703 quae
887 1647 941 1688 ad
978 1661 1176 1702 praesens
1215 1644 1338 1686 nobis
1377 1661 1425 1687 ex
1465 1644 1687 1702 scripturis

256 1722 408 1763 divinis
439 1739 660 1765 occurrere
690 1735 935 1779 potuerunt,
965 1723 1009 1764 in
1040 1723 1192 1780 quibus
1221 1722 1415 1765 animalis
1443 1722 1565 1780 hujus
1595 1739 1687 1763 me·
1732 1757 1734 1760 Α

254 1801 391 1842 moria
420 1801 529 1842 faeta
558 1812 632 1850 est,
662 1812 709 1841 ut
739 1818 787 1841 ex
810 1800 873 1841 his
904 1800 1069 1856 sapiens
1094 1800 1271 1857 quisque
1299 1801 1436 1841 lector
1454 1800 1688 1856 prudenter

257 1878 392 1935 possit
436 1878 668 1936 conjicere,
712 1878 745 1919 si
785 1889 880 1934 apta
923 1877 990 1918 usi
1031 1894 1174 1918 sumus
1213 1876 1479 1932 expositione
1523 1876 1568 1917 in
1607 1875 1686 1925 his,

258 1971 364 2012 quae
394 1955 616 2012 proposita
644 1967 741 1996 sunt
769 1954 906 2005 nobis,
937 1954 989 1995 ad
1020 1954 1328 2010 explanandum
1360 1953 1426 2004 id,
1458 1954 1576 2009 quod
1605 1953 1685 1993 ait:
1731 1964 1734 2003 ξ

257 2034 423 2089 „capite
439 2033 482 2089 ⁹)
520 2032 644 2074 nobis
680 2032 830 2088 vulpes
869 2031 1087 2088 pusillas.“
1143 2031 1199 2072 Et
1229 2030 1418 2087 quamvis
1457 2045 1689 2086 operosum

260 2110 314 2152 sit
349 2110 533 2163 singula,
577 2127 683 2167 quae
731 2109 915 2165 exempli
956 2125 1076 2149 causa
1122 2109 1413 2158 assumsimus,
1452 2107 1689 2162 explanare,

261 2201 415 2239 tamen,
446 2204 552 2245 quae
567 2188 814 2245 poterimus,
831 2186 1016 2228 breviter
1042 2187 1332 2240 contingemus
1351 2185 1433 2241 ¹⁰).
1473 2185 1529 2225 Et
1543 2183 1689 2240 primo

263 2268 316 2308 de
344 2267 601 2321 sexagesimo
631 2266 817 2307 secundo
849 2265 1013 2320 psalmo
1046 2263 1284 2314 videamus,
1323 2262 1422 2313 ubi,
1463 2279 1559 2303 cum
1588 2261 1688 2318 justi

383 2463 424 2518 ¹)
453 2463 554 2503 Luc.
584 2462 714 2512 XIII,
745 2462 811 2505 31.
932 2463 975 2518 2)
1007 2463 1108 2503 Luc.
1139 2461 1270 2511 XIII,
1302 2459 1369 2504 32.

382 2533 425 2588 3)
458 2532 545 2575 Cfr.
561 2532 700 2574 Judic.
718 2531 812 2582 XV,
828 2531 867 2575 3.
885 2532 922 2574 4.
945 2533 983 2575 5.
1048 2532 1091 2588 ⁴)
1120 2532 1254 2572 Deest
1283 2535 1409 2581 „eas“
1438 2529 1482 2569 in
1513 2527 1609 2568 edd.
1625 2527 1687 2568 M.

382 2604 424 2659 ⁵)
453 2603 562 2645 Edd.
575 2604 637 2645 M.
658 2602 856 2653 „etiam.“
919 2602 962 2657 6)
980 2602 1089 2643 Edd.
1108 2603 1169 2644 M.
1191 2598 1693 2653 ‚,T0biasAm1nanites.“

384 2673 426 2729 ⁷)
459 2673 547 2715 Cfr·
580 2674 623 2714 Π
646 2673 767 2714 Esdr·
800 2673 871 2723 IV,
903 2673 942 2720 3.
979 2699 1028 2705 --
1062 2673 1140 2714 Ed.
1176 2672 1330 2714 Ruaei:
1361 2669 1602 2711 comedunt.

382 2745 426 2798 8)
456 2744 537 2787 Ed.
564 2744 723 2786 Ruaei:
762 2744 1033 2785 adscendunt.
1155 2743 1198 2800 9)
1232 2740 1389 2786 Cautio.
1421 2741 1479 2791 II,
1510 2739 1575 2783 15.

359 2816 427 2871 ¹⁰)
456 2815 565 2858 Edd.
596 2814 657 2856 M.
691 2814 1077 2872 „conjungemus.“

1729 2040 1734 2084 3
