1734 3112
233 94 261 137 6
528 92 750 133 Ommzms
779 103 824 134 ιΝ
857 90 1040 133 CANnc.
1074 90 1379 134 CAunconum

239 208 363 248 brosa
392 206 569 260 sunt'),
610 215 656 246 ut
686 202 878 260 superius
909 202 1112 254 diximus,
1142 203 1267 245 bonis
1299 205 1499 245 duntaxat
1532 206 1672 261 operi·
1726 242 1727 249 ,

240 285 317 325 bus
355 284 509 324 referta
548 294 591 323 ct
626 279 911 337 spiritualium
962 297 1160 322 sensuum
1203 281 1408 322 densitate
1447 283 1672 334 cumulata,

240 362 292 402 de
322 360 385 402 his
415 360 568 401 talibus
609 358 691 400 dici
722 369 885 414 potest:
932 356 1102 414 ‚‚per²)
1137 358 1250 399 diem
1279 358 1344 399 sol
1375 374 1461 399 non
1493 370 1586 400 uret
1615 371 1672 411 te,
1725 386 1728 390 -

238 455 375 495 neque
408 439 506 479 luna
535 453 613 494 per
641 439 863 478 noctem.“
920 435 1089 477 Justum
1118 451 1300 492 namque
1331 435 1575 478 tentationis
1605 438 1671 478 sol

238 533 323 558 non
370 516 509 557 adurit
555 513 889 571 requiescentem
937 513 1015 554 sub
1065 514 1213 554 umbra
1261 512 1380 554 verbi
1418 512 1515 554 Dei.
1587 515 1670 556 Iste

239 594 350 635 enim
381 594 470 643 sol,
513 591 584 649 qui
615 590 753 633 adurit
782 589 966 648 justum,
1006 590 1151 646 non3)
1185 601 1246 632 est
1278 589 1549 631 damnabilis:
1595 591 1670 632 sed
1725 629 1727 634 .

239 672 312 713 ille
341 671 484 724 magis,
527 669 599 727 qui
640 685 682 710 se
722 668 986 720 transfigurat
1026 667 1067 708 in
1111 668 1307 721 angelum
1347 667 1464 709 lucis.
1524 667 1671 710 Bonus
1725 679 1728 709 ὲ

238 766 336 802 ergo
371 761 411 790 et
442 750 622 790 decorus
654 746 809 787 dicitur
839 747 1067 787 fraternus:
1102 757 1143 787 et
1174 757 1330 802 quanto
1362 744 1490 798 magis
1520 744 1671 802 inspici
1713 767 1728 806 ¹}

238 826 426 883 potuerit
456 825 591 866 oculis
623 823 926 880 spiritualibus,
962 834 1078 864 tanto
1111 823 1347 880 speciosior
1375 823 1600 874 invenitur,
1631 836 1673 866 et

238 903 474 960 pulchrior:
525 902 621 959 quia
659 918 746 943 non
784 902 925 943 solum
964 900 1079 942 illius
1119 901 1282 957 species
1321 913 1363 943 et
1393 901 1670 958 pulchritudo

236 980 441 1022 mirabilis
483 978 725 1037 apparebit,
774 995 923 1020 verum
962 991 1004 1020 et
1044 978 1287 1035 inspicienti
1325 990 1451 1036 atque
1488 979 1671 1021 intuenti

236 1075 357 1107 eum,
401 1058 528 1099 decus
566 1057 708 1111 ingens
746 1069 788 1098 et
829 1056 992 1114 species
1033 1058 1195 1099 formae
1236 1073 1346 1098 nova
1385 1073 1433 1098 ac
1463 1056 1670 1099 mirabilis

237 1136 418 1185 orietur,
464 1136 695 1176 secundum
739 1134 869 1185 illud,
918 1136 1034 1191 quod
1065 1135 1299 1192 Apostolus
1339 1134 1457 1176 verbi
1486 1135 1571 1176 Dei
1607 1136 1670 1177 in-
1724 1155 1725 1158 ¹

234 1226 354 1254 tuens
384 1213 749 1269 pulchritudinem
779 1212 903 1254 dicit:
934 1229 1058 1263 „nam
1073 1212 1116 1269 ²)
1148 1224 1190 1253 et
1219 1211 1252 1253 si
1283 1211 1330 1262 is,
1362 1213 1435 1270 qui
1464 1213 1569 1255 foris
1595 1227 1670 1266 est,

234 1292 364 1332 homo
394 1302 541 1332 noster
572 1290 873 1346 corrumpitur,
907 1291 981 1331 sed
1012 1290 1085 1346 qui
1114 1289 1226 1331 intus
1258 1301 1332 1341 est,
1362 1304 1590 1333 renovatur
1614 1294 1667 1334 de

233 1369 302 1410 die
334 1369 374 1410 in
415 1368 579 1409 diem.“
638 1367 799 1409 RIerito
846 1384 944 1420 ergo
986 1367 1082 1409 talis
1124 1368 1227 1409 haec
1265 1367 1404 1411 anima
1442 1386 1669 1412 commune

232 1446 355 1486 habet
387 1445 528 1487 cubile
559 1462 655 1486 cum
685 1446 817 1486 verbo
851 1461 1004 1501 corpus
1038 1462 1173 1486 suum.
1233 1446 1434 1488 Pervenit
1462 1448 1575 1490 enim
1607 1449 1671 1490 di·
1717 1487 1725 1503 ι.

233 1523 326 1565 vina
365 1523 495 1565 virtus
533 1540 666 1580 usque
708 1524 761 1564 ad
799 1522 991 1579 corporis
1031 1522 1228 1575 gratiam,
1272 1541 1403 1580 quum
1441 1524 1483 1566 in
1515 1543 1566 1567 eo
1599 1528 1667 1568 vel
1722 1544 1724 1549 ’

231 1601 428 1643 castitatis
459 1603 643 1651 donum,
690 1600 757 1642 vel
799 1600 1108 1652 continentiae,
1154 1602 1422 1659 aliorumque
1451 1605 1667 1654 honorum
1717 1632 1719 1635 -

231 1695 411 1735 operum
443 1679 628 1720 collocat
657 1678 846 1731 gratiam.
901 1677 1135 1721 Considera
1163 1697 1275 1732 sane,
1305 1696 1359 1721 ne
1388 1682 1500 1723 sorte
1532 1683 1668 1738 possit

230 1757 356 1798 etiam
386 1757 495 1797 illud
527 1773 694 1823 corpus,
727 1757 844 1812 quod
874 1755 1068 1797 assumsit
1082 1757 1218 1808 Jesus,
1251 1775 1476 1801 commune
1505 1760 1543 1801 ei
1567 1778 1663 1803 cum
1722 1799 1724 1802 ,

228 1852 382 1891 sponsa
401 1835 540 1876 cubile
561 1833 786 1884 nominari,
820 1833 1023 1890 quoniam
1042 1834 1217 1891 quidem
1235 1836 1403 1878 videtur
1418 1854 1496 1893 per
1522 1838 1662 1894 ipsum

229 1913 405 1955 ccclesia
437 1913 605 1955 Christo
638 1929 726 1953 esse
757 1911 928 1962 sociata,
960 1923 1001 1953 et
1030 1913 1304 1970 participium
1336 1916 1454 1957 verbi
1480 1917 1564 1958 Dei
1597 1935 1664 1960 ca-

229 2007 331 2046 pere
362 1990 551 2047 potuisse
565 1983 634 2047 5),
675 1990 908 2031 secundum
939 1992 1057 2046 quod
1088 1991 1300 2034 mediator
1330 1994 1414 2035 Dei
1455 2007 1495 2036 et
1526 1996 1665 2038 homi-

228 2085 330 2109 num
362 2068 536 2119 dicitur,
570 2080 610 2109 et
639 2068 872 2109 secundum
905 2069 1022 2124 quod
1055 2070 1288 2125 Apostolus
1328 2071 1452 2114 dicit:
1497 2091 1660 2131 „quon-

228 2146 366 2203 iam⁶)
406 2146 451 2187 in
488 2146 582 2203 ipso
626 2147 827 2188 habemus
856 2162 1070 2188 accessum
1098 2164 1178 2203 per
1206 2149 1336 2192 fidem
1368 2150 1411 2192 in
1450 2167 1526 2208 spe
1567 2152 1659 2205 glo-

228 2223 313 2265 riae
347 2224 443 2265 Dei.
458 2229 483 2249 “

339 2301 509 2355 „Tigna
526 2302 568 2359 ⁷)
601 2303 830 2343 domorum
871 2314 1109 2345 nostrarum
1141 2305 1279 2357 cedri,
1323 2310 1461 2350 trabes
1490 2322 1657 2353 nostrae

226 2380 452 2437 cypressi.“
512 2381 693 2422 Videtur
722 2382 772 2422 ab
803 2397 959 2438 sponso
991 2383 1241 2438 responderi
1272 2385 1325 2426 ad
1368 2387 1544 2439 gratiam
1585 2405 1656 2430 eo-

224 2473 341 2508 rum,
373 2474 479 2514 quae
511 2458 622 2500 dicta
651 2460 824 2501 suerunt
852 2459 970 2516 prius
1000 2461 1052 2502 ab
1081 2477 1257 2517 sponsa,
1296 2463 1448 2520 quibus
1480 2467 1655 2508 edoceat

342 2639 383 2696 ¹)
413 2638 525 2682 Edd.
559 2641 620 2683 M.
654 2641 822 2692 „sint.“
941 2643 984 2700 2)
1019 2643 1173 2688 Psalm.
1212 2647 1366 2699 CXXI,
1399 2647 1437 2690 6.

339 2709 381 2767 ³)
413 2710 522 2751 Edd.
553 2711 614 2753 Μ.
647 2728 769 2762 „non
801 2724 862 2754 est
892 2713 1135 2758 laudabilis:
1167 2719 1241 2760 sed
1272 2729 1334 2760 est
1361 2718 1472 2759 ille“
1504 2732 1581 2764 etc.

340 2781 382 2836 ⁴²)
415 2781 455 2821 Π
474 2781 574 2823 Cor.
606 2782 678 2832 IV,
712 2781 776 2825 16.
900 2785 941 2840 ⁵)
977 2785 1086 2828 Edd.
1118 2788 1179 2830 M.
1211 2787 1506 2844 „potuisset.“

343 2851 384 2907 6)
419 2852 505 2895 Cfr.
538 2852 663 2895 Rom.
695 2853 746 2905 V,
778 2853 818 2898 2.
941 2854 982 2911 7)
1015 2857 1174 2901 Cantic.
1205 2858 1239 2910 I,
1271 2857 1335 2902 17.
