1763 3112
635 102 833 143 HommA
865 101 961 141 XX.
1422 101 1505 146 393

97 215 272 255 randum
304 225 377 263 est,
409 211 504 268 quia
534 212 750 253 universae
786 224 919 252 terrae
964 211 1140 252 malleus
1181 213 1416 254 confractus
1446 227 1506 255 at-

100 308 178 347 que
211 289 413 331 contritus
444 300 516 330 est.

208 366 250 409 2.
280 366 384 407 Post
412 366 512 406 haec
543 382 722 422 quaero,
753 364 845 421 quis
875 365 927 405 sit
955 364 1046 414 iste,
1078 364 1149 420 qui
1179 364 1393 406 universae
1424 378 1507 406 ter-

97 458 165 484 rae
195 443 396 483 malleum
428 443 702 496 confregerit,
742 453 782 482 et
814 441 1078 482 contriverit:
1118 453 1158 482 et
1189 441 1322 482 dicam
1353 443 1505 483 ”Mosen

95 536 181 560 non
219 519 406 574 potuisse
448 520 708 572 confringere
747 530 870 574 atque
918 529 1134 558 conterere
1175 519 1377 559 malleum
1414 518 1507 558 uni-

95 612 237 636 versae
266 607 414 645 terrae,
443 613 580 652 neque
609 607 702 637 ante
735 612 830 636 eum
860 595 1083 645 Abraham,
1120 611 1255 651 neque
1284 607 1381 651 post
1413 612 1508 635 eum

95 672 239 714 Jesum
270 674 401 722 Nave,
432 688 569 729 neque
600 672 729 713 alium
761 688 995 728 quenquam
1021 673 1341 727 prophetarum.
1402 672 1508 726 Quis

96 765 193 801 crgo
224 748 366 805 potuit
393 749 544 798 talem,
572 760 820 805 tantumque
850 749 1011 799 virum,
1051 761 1091 789 et
1120 750 1337 790 universae
1372 761 1508 790 terrae

95 827 297 867 malleum
329 826 590 878 confringere
622 838 662 867 et
695 825 939 867 conterere?
999 825 1106 879 Quis
1146 838 1206 867 est
1243 826 1350 869 iste?
1388 828 1508 867 Jesus

98 903 285 945 Christus
318 902 522 954 confregit
559 914 682 958 atque
720 902 919 942 contrivit
948 903 1150 942 malleum
1181 903 1399 944 universae
1429 915 1511 944 ter-

94 996 178 1022 rae.
235 980 293 1020 Et
320 979 402 1019 hoc
440 996 551 1019 nunc
587 978 793 1019 admirans
830 978 873 1018 in
904 978 1068 1034 Spiritu
1097 991 1239 1020 sancto
1269 980 1511 1035 prophetes,

97 1057 172 1097 ait:
207 1056 452 1112 „quomodo
474 1056 510 1111 ¹)
543 1057 779 1097 confractus
811 1067 852 1096 et
882 1055 1085 1096 contritus
1126 1068 1188 1096 est
1215 1057 1392 1097 malleus
1420 1057 1513 1097 uni-

96 1149 237 1174 versae
266 1132 464 1174 terrae?“
519 1131 665 1172 Primo
705 1133 965 1182 confractus,
1010 1144 1051 1173 et
1089 1132 1293 1174 contritus
1337 1146 1397 1174 est
1439 1135 1511 1174 de-

96 1210 207 1251 inde.
265 1209 322 1250 Et
351 1208 550 1265 quoniam
578 1209 718 1265 reperi
749 1210 1012 1250 Salvatorem
1044 1225 1154 1259 esse,
1195 1209 1267 1265 qui
1298 1211 1513 1262 confrege-

95 1287 151 1328 rit
179 1287 379 1327 malleum
406 1286 623 1326 universae
652 1297 809 1336 terrae,
850 1298 891 1327 et
920 1286 1164 1327 contriverit
1194 1302 1312 1336 eum,
1350 1287 1513 1328 veniam

98 1365 151 1405 ad
181 1363 464 1416 evangelium,
509 1374 555 1403 ut
584 1362 748 1403 videam
787 1363 967 1418 primam
1006 1363 1304 1413 tentationem,
1344 1365 1512 1419 quando

102 1440 205 1481 dixit
243 1440 282 1481 ei
319 1440 512 1480 zabulus:
553 1440 710 1494 „ista²)
754 1440 896 1481 omnia
934 1440 1013 1481 tibi
1044 1441 1178 1489 dabo,
1217 1440 1250 1480 si
1289 1441 1514 1496 procidens

99 1517 337 1558 adoraveris
366 1523 477 1566 me,“
506 1528 547 1557 et
576 1515 760 1572 reliqua:
794 1529 834 1558 et
865 1517 999 1558 dicam
1032 1517 1126 1573 quia
1156 1517 1199 1557 in
1224 1517 1302 1558 illo
1319 1529 1513 1574 tempore

98 1611 185 1636 non
215 1593 461 1636 contriverit
487 1592 611 1633 Jesus
645 1593 847 1634 malleum
888 1595 1105 1635 universae
1135 1605 1296 1644 terrae,
1323 1596 1395 1636 sed
1428 1607 1516 1636 tan-

102 1686 192 1715 tum
223 1670 428 1723 confregit
459 1686 567 1710 eum.
637 1671 744 1712 Cum
785 1687 885 1711 vero
929 1670 1099 1711 recessit
1137 1672 1188 1711 ab
1220 1687 1270 1711 eo
1300 1689 1432 1728 usque
1463 1674 1517 1713 ad

99 1762 288 1806 tempus,
328 1760 369 1789 et
398 1759 592 1802 tempore
632 1759 778 1803 postca
808 1748 922 1788 venit
950 1748 1150 1797 instante,
1180 1760 1280 1789 tunc
1313 1750 1516 1791 contritus

103 1839 185 1877 est,
224 1843 311 1867 non
339 1825 480 1866 solum
510 1825 746 1865 confractus
774 1836 822 1865 ut
850 1824 1058 1880 primum,
1094 1824 1269 1865 malleus
1298 1825 1517 1867 universae

101 1916 249 1946 terrae.
308 1903 364 1944 Et
393 1901 490 1957 quia
519 1901 722 1942 contritus
752 1913 834 1952 est,
872 1901 945 1957 qui
981 1902 1119 1942 fuerat
1157 1913 1250 1942 ante
1281 1903 1517 1944 confractus

102 1981 280 2021 malleus
307 1978 525 2020 universae
552 1990 709 2029 terrae,
750 1978 910 2020 idcirco
950 1995 1028 2034 per
1063 1996 1407 2035 unumquemque
1441 1997 1518 2021 no-

102 2069 234 2099 strum
272 2055 547 2108 confringitur
582 2055 778 2112 quidem,
816 2057 983 2112 quando
1024 2056 1334 2097 introducimur
1372 2057 1414 2097 in
1455 2074 1520 2098 ec-

106 2133 289 2185 clesiam,
320 2145 362 2173 et
389 2133 635 2188 proficimus
665 2135 717 2175 ad
745 2135 898 2185 fidem3
930 2133 1161 2173 conteritur
1184 2145 1324 2174 autem
1347 2145 1388 2174 et
1406 2150 1520 2174 com-

105 2210 321 2259 minuitur,
351 2211 518 2265 quando
550 2212 604 2251 ad
631 2213 871 2267 profectum
902 2209 1105 2251 venimus.
1175 2210 1306 2264 Quod
1335 2210 1368 2250 si
1400 2211 1521 2251 dubi-

109 2301 170 2330 tes
202 2286 364 2329 conteri
394 2288 589 2327 zabulum
619 2289 672 2329 ad
700 2289 941 2344 profectum
971 2287 1234 2328 venientibus
1257 2287 1394 2338 nobis,
1424 2289 1522 2329 audi

107 2366 363 2422 Apostolum
393 2362 689 2405 benedictione
720 2365 896 2420 quadam
926 2365 1247 2405 benedicentem
1278 2364 1432 2420 justum
1462 2378 1523 2406 at-

112 2460 192 2500 que
224 2442 456 2483 dicentem:
496 2440 639 2490 „Deus
656 2442 697 2497 3)
728 2454 867 2483 autem
901 2452 1090 2482 conterat
1121 2443 1315 2483 satanam
1344 2444 1420 2484 sub
1450 2459 1526 2499 pe-

112 2521 234 2561 dibus
263 2519 408 2560 vestris
438 2517 684 2559 velociter.“
742 2519 946 2561 Animalis
985 2531 1046 2560 est
1085 2519 1162 2560 iste
1202 2521 1399 2570 malleus,
1438 2521 1525 2560 for-

115 2610 218 2638 tasse
249 2613 358 2637 nunc
393 2595 495 2636 furit
524 2597 744 2636 adversum
774 2614 864 2649 nos,
897 2610 938 2639 et
968 2597 1144 2654 quaerit,
1175 2597 1271 2653 quia
1300 2597 1376 2637 ista
1407 2598 1458 2638 de
1474 2613 1526 2638 eo

232 2763 271 2817 ¹)
301 2764 454 2804 Jcrem.
486 2765 532 2814 L,
563 2763 629 2807 23.
806 2763 849 2820 2)
880 2765 1028 2807 Matth.
1062 2767 1132 2813 lV,
1166 2765 1205 2808 9.

230 2834 272 2890 ³)
304 2834 390 2876 Csr.
420 2835 544 2876 Rom.
576 2835 691 2884 XVI,
722 2834 786 2877 20.
