1763 3112
283 59 366 104 412
711 56 934 99 Omeus
968 68 1012 97 m
1044 56 1281 98 Jennmmm

284 188 451 229 semper
482 171 585 213 cali-z
617 185 765 212 aureus
794 168 998 227 Babylon.
1051 167 1160 209 Cum
1187 179 1327 209 autem
1345 168 1507 209 venerit
1536 170 1586 209 ad
1621 168 1707 209 vin.

286 250 454 299 dictam,
488 261 528 289 et
559 248 599 288 in
629 263 756 287 manu
787 246 870 287 Dei
901 245 1039 302 posita
1070 244 1212 294 fuerit,
1242 256 1341 286 tune
1373 244 1556 286 efficitur
1584 257 1707 296 terra,

285 344 389 384 quae
420 327 634 383 quondam
672 335 780 365 tacta
822 336 882 365 est
922 323 963 365 in
1003 322 1172 364 jubath.
1246 323 1394 379 Neque
1425 339 1525 364 vero
1557 323 1709 381 jugiter

284 405 327 445 in
357 421 483 445 manu
512 402 596 443 Dei
622 402 873 451 continetur,
906 403 978 442 sed
1004 399 1178 441 ultionis
1194 411 1357 441 tantum
1371 412 1580 456 tempore,
1612 418 1707 443 cum

286 482 475 538 coeperit
516 480 729 521 Dominus
771 480 809 520 ei
850 479 1091 528 restituere,
1134 479 1251 534 quod
1290 490 1497 528 meretur,
1535 490 1635 520 tunc
1666 478 1708 519 in

284 576 410 601 manu
441 558 527 616 ejus
557 558 767 599 inebrians
800 573 972 598 omnem
1004 568 1160 596 terram
1197 556 1273 597 iste
1317 556 1421 598 calix
1451 573 1599 597 aureus
1628 556 1709 598 Ba-

283 638 415 695 bylon
445 634 684 676 inebriabit.
741 634 977 689 Quomodo
1005 646 1146 675 autem
1174 634 1410 676 universam
1438 646 1593 676 terram
1622 634 1711 676 ine-

283 714 458 764 briabit,
517 712 639 754 facile
683 711 810 763 scies,
872 712 907 754 si
954 711 1282 753 consideraveris
1328 729 1473 754 omnes
1518 712 1710 754 homines

285 791 437 833 ebrios.
497 790 763 831 Inebriamur
791 789 874 840 ira,
919 789 1181 831 inebriamur
1217 790 1408 841 tristitia,
1454 789 1713 831 inebriamur

284 881 440 920 mente,
463 868 502 925 ¹)
536 868 775 909 excedimus
805 883 972 918 amore,
1015 867 1367 924 concupiscentiis
1409 878 1450 908 et
1488 883 1594 908 vana
1622 868 1713 920 glo-

283 948 355 989 ria.
418 946 587 1001 Quanta
617 947 774 1002 pocula
804 945 1128 1002 temperaverit,
1174 957 1279 1001 quot
1314 944 1568 986 inebriantes
1609 961 1711 1001 por-

284 1026 439 1067 rexerit
469 1025 616 1066 calices
649 1023 754 1065 calix
783 1023 877 1075 iste,
909 1022 1011 1079 quid
1040 1039 1210 1064 necesse
1243 1035 1304 1064 est
1334 1022 1505 1064 dicere?

396 1101 436 1145 9.
468 1100 679 1157 ‚,Calix2)
729 1117 878 1142 aureus
918 1100 1115 1159 Babylon
1160 1101 1370 1142 inebrians
1417 1116 1588 1142 omnem
1627 1112 1711 1142 ter-

283 1184 414 1222 ram.“
472 1178 774 1219 Animadverte
806 1193 976 1218 omnem
1007 1190 1162 1219 terram
1192 1180 1362 1234 plenam
1394 1194 1480 1220 esse
1511 1179 1709 1235 peccatis,

284 1269 326 1298 et
354 1272 442 1297 non
473 1272 671 1312 quaeres,
725 1257 943 1312 quomodo
981 1255 1179 1314 Babylon
1220 1272 1391 1296 omnem
1429 1268 1583 1298 terram
1623 1257 1711 1299 ine-

282 1334 494 1377 briaverit.
555 1335 642 1375 Sed
674 1333 707 1374 si
738 1334 907 1391 forte3)
941 1333 1096 1375 videris
1125 1332 1284 1390 justum
1315 1333 1480 1375 ebrium
1509 1351 1596 1376 non
1624 1352 1711 1377 esse

285 1415 337 1455 de
369 1413 498 1454 calice
528 1424 825 1469 peecatorum,
865 1412 956 1453 noli
994 1422 1143 1467 putare
1182 1411 1446 1468 Scripturam
1478 1429 1566 1454 esse
1594 1430 1711 1455 men-

282 1493 427 1544 titam,
472 1508 576 1548 quae
616 1491 787 1532 dixerit:
827 1489 1067 1543 „inebrians
1082 1490 1124 1546 4)
1164 1506 1334 1531 omnem
1364 1497 1578 1532 terram:“
1617 1509 1713 1534 cum

286 1571 362 1612 iste
406 1587 493 1611 non
535 1569 779 1624 ebrietur⁵)
823 1584 846 1609 a
886 1568 1131 1626 Babylone,
1172 1580 1213 1609 et
1254 1580 1397 1609 tamen
1436 1568 1632 1610 consistat
1669 1569 1715 1611 in

285 1661 408 1691 terra.
470 1648 605 1698 Audi,
654 1647 750 1704 quia
789 1645 921 1704 justus
959 1663 1047 1687 non
1077 1646 1131 1687 sit
1159 1658 1281 1688 terra.
1343 1647 1529 1689 Omnem
1558 1659 1713 1690 terram

284 1727 464 1768 inebriat
495 1726 600 1767 calix
629 1726 706 1766 iste
739 1741 900 1766 aureus.
955 1725 1097 1766 Justus
1129 1741 1246 1775 vem,
1279 1742 1374 1766 cum
1403 1725 1456 1766 sit
1485 1742 1612 1782 super
1630 1738 1713 1767 ter-

283 1822 396 1855 ram,
444 1803 808 1845 conversationem
849 1803 891 1843 in
931 1802 1061 1844 coelis
1103 1804 1240 1844 hahet.
1309 1803 1364 1844 Et
1406 1817 1585 1861 propter
1630 1806 1712 1847 hoc

283 1901 370 1925 non
403 1882 600 1924 convenit
630 1880 806 1922 ulterius
835 1880 946 1939 justo
981 1879 1085 1921 dici:
1127 1892 1267 1931 „terra
1283 1881 1324 1936 ⁶)
1367 1898 1430 1933 es,
1471 1894 1511 1923 et
1548 1883 1591 1925 in
1630 1896 1711 1925 ter-

285 1979 374 2003 ram
405 1960 526 2002 ibis.“
587 1960 672 2002 Sed
714 1974 884 1999 necesse
923 1969 983 1998 est
1025 1958 1227 1998 audenter
1258 1958 1390 2014 loqui.
1450 1959 1569 2001 Dicit
1597 1962 1709 2019 justo

284 2041 401 2081 Deus
433 2039 570 2079 adhuc
603 2036 847 2078 consistenti
885 2051 1012 2092 super
1051 2047 1226 2077 terram:
1275 2037 1443 2078 coelum
1487 2053 1553 2090 es,
1595 2051 1637 2080 et
1666 2040 1710 2080 in

289 2117 457 2159 coelum
488 2115 582 2163 ibis,
620 2115 790 2157 'Portat
829 2114 941 2156 enim
978 2113 1206 2167 imaginem
1237 2114 1442 2156 coelestis.
1502 2115 1635 2168 Igitur
1663 2129 1710 2158 ut

288 2195 560 2245 concludam,
593 2194 698 2235 calix
729 2208 878 2234 aureus
909 2192 1089 2234 inebriat
1128 2208 1298 2233 omnem
1335 2205 1512 2244 terram,
1548 2193 1593 2235 id
1635 2207 1708 2247 est,

289 2290 433 2316 omnes
464 2275 515 2315 ab
548 2289 599 2313 eo
631 2271 904 2323 inebriamur,
935 2270 1138 2328 quamdiu
1167 2283 1278 2312 terra
1306 2288 1462 2314 sumus.

402 2352 468 2396 10.
499 2352 594 2402 „De
613 2352 654 2407 ⁷)
695 2350 793 2391 vino
847 2349 933 2408 ejus
973 2350 1172 2391 biberunt
1208 2361 1371 2403 gentes:
1410 2362 1590 2407 propter
1625 2353 1709 2395 hoc

290 2441 529 2472 commotae
560 2435 697 2470 sunt.“
757 2428 877 2470 Sicut
908 2427 951 2469 in
979 2428 1065 2481 his,
1100 2428 1172 2485 qui
1197 2428 1350 2470 bibunt
1380 2428 1530 2483 istum,
1562 2430 1635 2488 qui
1663 2431 1705 2473 in

409 2615 445 2670 ·,)
477 2612 586 2654 Edd.
619 2611 678 2653 M.
710 2622 779 2662 „et
807 2598 991 2652 memma
1111 2612 1154 2669 2)
1183 2613 1337 2655 Jerem.
1369 2614 1438 2665 LI,
1471 2613 1509 2657 7.

404 2685 447 2740 ³)
477 2685 557 2725 Ed.
589 2683 642 2725 R.
673 2683 783 2724 sola:
815 2684 926 2724 forte
955 2694 997 2724 te
1027 2683 1181 2725 videris
1213 2696 1291 2726 etc.

407 2755 448 2810 ⁴)
480 2754 633 2796 Jerem.
661 2754 732 2803 LI,
764 2754 801 2797 7.
923 2755 965 2810 ⁵)
995 2755 1104 2800 Edd.
1136 2755 1197 2796 M.
1229 2755 1529 2806 „inebrietur.“

409 2825 450 2883 6)
482 2824 587 2867 Gen.
618 2824 697 2878 III,
725 2823 789 2873 19·
913 2825 953 2881 ⁷)
984 2826 1139 2870 Jerem.
1169 2825 1240 2877 LI,
1271 2825 1308 2869 7.
