1734 3112
243 90 301 136 82
539 90 761 133 omanus
793 101 838 131 m
871 88 1054 131 CAN‘rlc.
1090 88 1399 130 CANTICORUM

248 213 390 244 autem
419 202 581 244 venerit
601 202 640 257 ¹)
673 202 726 243 ad
756 202 1045 258 promurale-m
1076 201 1244 251 locum,
1274 199 1320 240 id
1351 211 1434 250 est,
1465 201 1516 240 ad
1546 199 1679 240 futuri

250 279 408 321 saeculi
440 291 607 327 statum,
638 269 698 319 ibi
730 280 782 319 ad
815 295 905 320 eam
938 279 1066 319 dicit:
1101 278 1362 333 „ostende²)
1393 277 1498 317 mihi
1527 276 1678 317 faciem

251 368 390 407 tuam,
434 368 475 397 et
505 358 691 398 auditam
723 358 846 412 fac3)
878 356 980 396 mihi
1013 371 1161 395 vocem
1190 367 1327 405 tuam,
1369 354 1465 410 quia
1496 369 1577 393 vox
1606 365 1677 393 tua

251 434 388 475 suavis
439 440 549 475 est.“
619 434 819 475 Auditam
860 434 951 473 vult
999 432 1090 472 fieri
1131 449 1282 473 vocem
1328 431 1528 473 ecclcsiae
1568 446 1680 478 suae,

253 512 374 567 quia,
417 511 488 566 qui
521 527 615 551 eum
649 512 863 551 confessus
892 509 1018 549 fuerit
1053 525 1194 549 coram
1225 509 1488 558 hominibus,
1521 518 1562 547 et
1592 507 1683 562 ipse

254 588 527 629 confitebitur
575 603 671 627 eum
718 604 861 628 coram
907 598 1025 641 patre
1072 603 1174 635 suo,
1225 586 1297 642 qui
1342 585 1385 626 in
1433 585 1562 626 coelis
1610 595 1681 624 est.

254 665 395 719 „Quia
414 665 454 720 ⁴)
486 681 566 705 vox
591 649 670 705 *tua
699 663 834 704 suavis
866 669 970 705 est.“
1028 663 1084 703 Et
1123 663 1215 719 quis
1246 679 1333 703 non
1375 663 1550 712 fatetur,
1592 677 1684 701 sua-

254 759 351 783 vem
382 758 532 783 vocem
574 742 774 782 ecclesiae
816 740 1046 782 catholicae
1088 740 1219 780 fidem
1251 755 1393 780 veram
1435 738 1686 787 confitentis,
1727 747 1734 751 “

254 818 470 859 insuavem
510 833 611 859 vero
654 830 696 858 et
735 817 1009 876 injucundam
1050 833 1136 858 esse
1177 817 1487 858 haereticorum
1520 831 1683 865 vocem,

256 897 326 953 qui
355 913 443 937 non
475 897 671 948 dogmata
702 896 907 946 veritatis,
945 896 1019 936 sed
1050 895 1331 951 blasphemias
1360 894 1402 934 in
1432 895 1597 942 Deum,
1644 903 1686 932 et

253 973 521 1030 iniquitatem
551 973 594 1014 in
626 974 836 1014 excelsum
878 972 1141 1029 loquuntur?
1200 972 1271 1014 Sic
1314 983 1355 1012 et
1394 971 1521 1012 facies
1554 970 1689 1011 eccle-

254 1051 339 1092 siae
379 1051 571 1107 speciosa
600 1062 679 1091 est:
728 1049 1041 1090 haereticorum
1072 1066 1174 1090 vero
1204 1049 1340 1104 turpis
1381 1061 1422 1090 et
1461 1049 1610 1089 foeda:
1654 1046 1689 1087 si

256 1128 349 1184 quis
381 1139 443 1169 est
478 1140 645 1177 tamen,
687 1127 760 1183 qui
800 1128 908 1167 bene
948 1127 1116 1168 noverit
1154 1126 1518 1183 pulchritudinem
1549 1125 1690 1165 vultus

255 1206 459 1261 probare,
491 1205 535 1245 id
567 1216 647 1255 est,
679 1204 713 1245 si
745 1204 836 1260 quis
867 1203 1095 1260 spiritualis
1128 1216 1211 1253 est,
1244 1204 1315 1260 qui
1345 1204 1425 1245 scit
1456 1203 1691 1245 examinare

259 1283 414 1323 omnia.
482 1284 592 1323 Nam
632 1282 745 1337 apud
782 1281 1004 1337 imperitos
1048 1293 1089 1322 et
1127 1281 1327 1322 animales
1367 1281 1560 1322 homines
1598 1279 1695 1336 pul-

263 1358 431 1399 chriora
448 1358 645 1399 videntur
665 1359 877 1399 mendacii
907 1358 1180 1414 sophismata,
1212 1374 1339 1414 quam
1369 1360 1566 1411 dogmata
1586 1356 1694 1398 veri-

259 1435 369 1478 tatis.
427 1435 658 1477 Possumus
697 1447 839 1476 autem
880 1435 1016 1476 adhuc
1057 1436 1109 1476 de
1151 1436 1250 1476 loco
1290 1435 1527 1491 promurali
1567 1434 1694 1475 etiam

260 1512 344 1553 hoc
383 1513 562 1564 addere,
604 1513 721 1569 quod
751 1513 997 1568 promurale
1029 1512 1199 1564 sinus⁵)
1240 1512 1293 1553 sit
1330 1513 1485 1568 patris,
1526 1512 1570 1552 in
1608 1527 1694 1568 quo

260 1589 425 1645 positus
454 1589 695 1643 unigenitus
724 1590 852 1640 filius,
886 1602 1049 1631 enarrat
1080 1590 1236 1640 omnia,
1269 1602 1310 1631 et
1341 1590 1529 1631 enuntiat
1560 1589 1696 1630 eccle-

261 1666 344 1707 siae
374 1682 498 1717 suae,
543 1683 817 1723 quaecunque
859 1667 903 1707 in
933 1667 1104 1708 secretis
1137 1679 1177 1708 et
1207 1666 1250 1707 in
1280 1667 1537 1708 absconditis
1565 1666 1697 1723 patris

262 1742 423 1783 sinibus
455 1743 737 1784 continentur.
797 1744 921 1785 Unde
954 1756 994 1785 et
1026 1744 1197 1801 quidam
1228 1746 1280 1786 ab
1312 1761 1362 1785 eo
1396 1746 1593 1795 edoctus,
1635 1744 1699 1784 di-

263 1821 405 1861 cebat:
448 1820 626 1871 „Deum
644 1821 686 1874 6)
717 1836 844 1861 nemo
878 1821 985 1861 vidit
1012 1838 1200 1877 unquam
1218 1821 1272 1874 ⁷).
1332 1821 1581 1874 Unigenitus
1611 1820 1698 1862 Dei

260 1897 395 1947 filius,
439 1896 511 1953 qui
543 1908 604 1937 est
634 1896 677 1937 in
707 1896 800 1937 sinu
828 1897 979 1953 patris,
1016 1897 1106 1953 ipse
1147 1898 1395 1940 enarravit.“
1454 1899 1567 1939 Illuc
1598 1913 1697 1951 ergo

265 1985 413 2015 evocat
443 1991 639 2030 sponsam
673 1991 790 2015 suam
823 1974 1035 2025 Christus,
1066 1987 1114 2016 ut
1131 1975 1174 2031 8)
1206 1988 1247 2016 et
1278 1977 1330 2016 de
1362 1976 1558 2016 omnibus
1591 1991 1698 2025 eam,

267 2067 372 2107 quae
404 2052 518 2107 apud
552 2064 716 2107 patrem
747 2053 979 2102 habentur,
1025 2053 1201 2094 edoceat
1242 2065 1282 2094 et
1313 2052 1444 2094 dicat:
1506 2052 1639 2108 „quia
1656 2052 1699 2108 9)

266 2128 410 2169 omnia
440 2128 566 2170 vobis
594 2142 695 2170 nota
727 2130 832 2180 feci,
873 2146 978 2186 quae
1010 2130 1153 2171 audivi
1183 2147 1206 2172 a
1236 2142 1355 2187 patre
1384 2135 1540 2171 meo:“
1583 2141 1624 2170 et
1652 2140 1700 2169 ut

237 2205 420 2265 Viterum
452 2205 584 2247 dicat:
628 2208 789 2257 „Pater
812 2209 878 2262 ¹⁰)
913 2208 1038 2257 volo,
1069 2218 1138 2258 ut,
1167 2207 1242 2248 ubi
1273 2224 1349 2261 ego
1381 2224 1498 2258 sum,
1528 2206 1618 2247 illic
1647 2205 1700 2247 sit

270 2293 312 2322 et
341 2282 536 2323 minister
563 2290 724 2327 meus.“

391 2410 429 2464 ¹)
461 2409 572 2450 Edd.
603 2411 664 2451 M.
697 2410 1025 2466 ‚‚pervenerit.“
1143 2409 1187 2466 2)
1220 2409 1380 2451 Cantic.
1411 2411 1475 2461 ΙΙ,
1508 2410 1574 2453 14.

384 2478 425 2533 ³)
457 2478 567 2520 Edd.
598 2480 660 2520 M.
693 2480 835 2530 „mihi
865 2482 982 2521 fac.“
1102 2481 1145 2538 4)
1178 2480 1338 2522 Cantic.
1371 2481 1440 2531 II,
1472 2479 1538 2523 14.

387 2548 427 2604 ⁵)
458 2548 593 2589 Deest
621 2548 790 2599 ‚,sinus“
821 2549 863 2589 in
895 2551 988 2590 edd.
1022 2551 1082 2592 M.
1205 2552 1249 2605 6)
1280 2550 1357 2592 Ev.
1383 2551 1533 2591 Joann.
1565 2551 1599 2599 I,
1633 2549 1697 2592 18.

385 2618 425 2672 ⁷)
456 2618 565 2660 Edd.
598 2619 658 2659 Μ.
691 2635 931 2674 ‚‚unquam:
983 2621 1062 2661 nisi
1092 2620 1330 2673 unigenitus
1359 2620 1498 2671 filius,
1532 2621 1604 2676 qui
1635 2630 1696 2661 est

273 2674 316 2715 in
347 2674 441 2716 sinu
470 2675 620 2731 patris:
653 2686 694 2715 et
725 2675 791 2715 cui
822 2675 912 2731 ipse
944 2678 1194 2719 enarravit.“

383 2745 427 2801 ⁸)
457 2746 538 2786 Ed.
560 2745 714 2787 Ruaei:
748 2758 788 2786 ct
817 2758 863 2786 ut
896 2748 947 2787 de
981 2758 1056 2788 etc.
1156 2747 1197 2803 ⁹)
1230 2747 1306 2787 Ev.
1329 2747 1480 2788 Joann.
1501 2747 1595 2797 XV,
1632 2746 1696 2789 15.

364 2815 429 2870 ¹⁰)
462 2815 548 2859 Cfr.
582 2832 643 2856 ev.
675 2816 824 2857 Joann.
857 2818 1004 2867 XVII,
1036 2818 1102 2861 24.
1136 2817 1233 2859 coll.
1266 2817 1374 2867 XII,
1404 2816 1470 2859 26.
