1763 3112
615 70 661 99 m
689 58 714 99 J
717 67 942 98 ΕΒΕΜΙΑΜ.
1410 55 1492 99 459

366 222 637 282 Κεφάλαιον
675 222 943 282 τριακοστὸν
973 222 1200 281 δεύτερον.

189 336 315 390 ,,Καὶ
333 335 372 391 ¹)
403 329 515 390 ἦλθε
544 334 658 392 πρὸς
687 337 745 394 μὲ
771 331 994 389 Ἀναμεὴλ
1024 334 1120 384 υἱὸς
1147 331 1371 391 Σαλώμ.“
1414 332 1494 377 Ἑν

76 414 254 471 φυλακῇ
285 409 452 461 πάντες
482 413 638 470 ἐσμὲν,
670 415 747 454 καὶ
776 409 973 467 μάλιστα
999 408 1330 468 πειραζόμενοι.
1382 409 1494 456 Τότε

74 491 236 531 κτᾶταί
261 506 324 537 τις
356 487 521 546 ἀγρὸν,
566 489 656 532 ἀλλ’
702 488 752 531 οὐ
792 491 868 543 τῆς
898 491 1104 546 φυλακῆς
1134 485 1351 539 ἐξελθών·
1383 486 1410 542 ἡ
1443 488 1494 531 δὲ

74 567 224 619 κτῆσις
251 563 501 622 βουλήματι
525 568 635 609 θεοῦ
657 571 748 613 τοῖς
768 568 911 613 καλῶς
936 565 1298 622 ἀγωνιζομένοις.
1337 564 1495 609 Ἀδελ-

77 645 161 699 ᾳῑοὶ
201 642 251 685 δὲ
290 646 484 691 Χελκίας
526 641 548 686 ὁ
591 645 669 686 τοῦ
707 641 922 701 Ἱερεμίου
953 642 1122 700 πατὴρ,
1156 646 1231 685 καὶ
1258 642 1494 700 Ἀναμεὴλ,

74 714 216 776 ἄμφω
246 721 408 768 παῖδες
439 716 560 769 ὄντες
599 719 786 778 Σαλώμ.
843 719 1060 777 Ἀδελφαὶ
1099 719 1190 780 γὰρ
1225 723 1302 764 καὶ
1340 719 1494 780 εἰρήνη

73 799 149 839 καὶ
178 798 306 854 μερὶς
336 799 464 841 θεοῦ.
535 800 730 845 Χελκίας
769 795 858 855 γὰρ
888 795 1182 855 ἑρμηνεύεται
1209 800 1339 855 μερὶς
1367 801 1493 854 θεοῦ,

71 872 243 929 Σαλώμ
275 874 325 917 δὲ
355 872 523 931 εἰρήνη.
592 872 780 930 Καρπός
817 875 867 916 δὲ
908 876 982 927 τῆς
1018 876 1205 931 μερίδος
1248 878 1327 918 τοῦ
1367 879 1492 932 θεοῦ,

71 949 379 1008 μετεωρισμός
428 953 565 994 θεοῦ·
624 949 739 993 οὕτω
785 948 880 1007 »γάρ
922 949 1136 1010 Ἱερεμίας
1186 950 1493 1009 ἑρμηνεύεται.

69 1025 261 1083 Καρπός
289 1028 339 1070 δὲ
369 1029 448 1080 τῆς
477 1025 654 1082 εἰρήνης
683 1025 818 1084 χάρις
857 1030 996 1070 θεοῦ·
1045 1031 1176 1072 τοῦτο
1208 1024 1317 1089 ,γὰρ
1365 1032 1498 1085 δηλοῖ

72 1103 121 1148 τὸ
144 1103 383 1158 Ἀναμεήλ.
445 1103 625 1148 Οὐκοῦν
662 1102 688 1159 ἡ
723 1102 856 1161 χάρις
896 1107 973 1147 τοῦ
1014 1108 1126 1149 θεοῦ
1165 1103 1342 1163 εἰρήνης
1384 1112 1494 1165 γέν-

72 1197 195 1239 νημα
225 1178 539 1238 τυγχάνουσα,
588 1184 840 1238 προσᾳέρει
881 1184 940 1238 τῷ
980 1183 1029 1225 ἐν
1069 1186 1249 1244 φυλακῇ
1281 1185 1492 1246 προφήτῃ

72 1256 152 1302 τὸν
181 1259 302 1302 ἴδιον
332 1257 478 1315 ἀγρῖιν
512 1256 625 1300 κατὰ
656 1255 933 1316 πρόσταγμα
963 1261 1041 1303 τοῦ
1071 1263 1200 1304 θεοῦ.

187 1337 312 1390 ,,Καὶ
330 1336 373 1392 2)
418 1336 602 1392 ἔγραψα
641 1337 701 1382 εἰς
739 1339 942 1392 βιβλίον,
981 1338 1057 1379 καὶ
1087 1337 1492 1398 ἐσφραγισάίιιηνὲς

76 1403 217 1461 Οὗτος
255 1417 381 1456 ποιεῖ
413 1415 590 1467 βιβλίον
619 1410 835 1468 κτήσεως,
877 1411 991 1473 ὅπερ
1021 1417 1128 1463 ἴσως
1158 1417 1280 1459 ἐστὶν
1312 1419 1359 1459 αἱ
1389 1415 1492 1473 νοή-

73 1504 187 1544 σεις,
236 1492 282 1532 αἱ
316 1492 517 1546 μνῆμαι,
565 1487 618 1531 τὰ
664 1487 898 1547 δόγματα,
944 1490 999 1534 δι’
1033 1483 1099 1535 ὧν
1127 1491 1382 1550 κεκτήμεθα
1412 1495 1494 1539 τὸν

71 1565 233 1623 ἀγρὸν,
274 1569 473 1610 τουτέστι
511 1569 586 1621 τῆς
622 1570 851 1616 πολιτείας
896 1566 1000 1617 τοὺς
1036 1567 1221 1619 πόνους.
1281 1575 1369 1615 Δεῖ
1403 1570 1492 1631 γαρ

72 1642 155 1687 τὸν
194 1643 426 1701 πράξοντα
472 1641 769 1698 δικαιοσύνην
803 1646 1066 1704 προειδέναι
1104 1650 1209 1704 περὶ
1253 1648 1491 1692 δικαιοσύ-

75 1737 165 1776 νης.
236 1719 376 1777 Ὅπερ
425 1724 627 1777 λεγέσθω
673 1725 749 1763 καὶ
790 1725 895 1778 περὶ
940 1725 1032 1766 τῶν
1081 1727 1255 1768 λοιπῶν
1303 1725 1490 1784 ἀρετῶν.

77 1800 311 1853 Φροντίζει
355 1797 404 1840 δὲ
442 1797 549 1847 θεὸς
588 1799 638 1842 ἐν
679 1797 848 1855 ἀγγείῳ
865 1798 908 1855 ³)
957 1798 1006 1843 τὸ
1044 1802 1222 1855 βιβλίον
1268 1805 1493 1858 βληθῆναι

72 1873 186 1931 πρὸς
216 1874 446 1931 διαμονὴν
474 1877 676 1919 πλείονα.
745 1872 970 1932 ,ξἘχομεν
986 1876 1029 1929 4)
1068 1875 1158 1933 γὰρ
1196 1877 1276 1921 τὸν
1314 1885 1493 1935 θησαυ-

73 1949 157 2011 ρὸν
184 1954 347 1995 τοῦτον
377 1952 427 1995 ἒν
458 1951 740 2008 ὀστρακίνοις
771 1952 1045 1997 σκεύεσιν·“

1086 1951 1112 2008 ἢ
1143 1961 1234 2005 τοῖς
1262 1954 1494 2016 ἡμετέροις

73 2028 298 2087 ἀγγείοις,
347 2026 374 2084 ἢ
414 2031 476 2085 τῷ
518 2029 687 2075 εὐτελεῖ
713 2033 787 2085 τῆς
815 2035 1045 2088 γραφικῆς
1073 2035 1242 2082 λέξεως.
1291 2031 1441 2079 εὈθεν
1468 2035 1492 2081 ὁ

74 2102 228 2164 ἅρχων
256 2104 480 2160 ἠπάτηται
508 2110 586 2150 τοῦ
619 2105 796 2165 κόσμου
825 2107 1000 2164 τούτου,
1033 2108 1385 2168 καταφρονήσας
1412 2117 1492 2158 τοῦ

72 2180 215 2240 λόγου
259 2186 334 2238 τῆς
372 2189 657 2239 θεοσεβείας,
708 2186 806 2229 ἐπεὶ
844 2183 907 2243 μὴ
940 2178 997 2239 ἧν
1027 2187 1076 2229 ἒν
1099 2192 1289 2245 χρυσοῖς
1317 2189 1494 2236 σκεύεσι

74 2263 516 2318 κεκαλλωπισμένοις
549 2263 662 2311 λε”ξει
702 2265 779 2305 καὶ
815 2262 1085 2318 πιθανότητι
1123 2262 1346 2322 ([ράσεως.
1406 2268 1493 2313 Διὸ

77 2339 154 2380 καὶ
183 2340 367 2386 πλείους
395 2335 564 2397 ἡμέρας
593 2339 818 2397 διέμεινεν
850 2338 872 2383 ὁ
904 2339 1052 2398 λόγος.
1114 2343 1297 2400 ,,Καὶ5)
1328 2343 1377 2387 τὸ
1409 2344 1494 2401 κή-

78 2413 231 2472 ρυγμά
261 2415 405 2471 μου,“
437 2437 489 2444 --
523 2418 666 2473 φησὶν
696 2414 718 2460 ὁ
750 2419 868 2474 ἔχων
896 2417 946 2461 τὸ
975 2421 1152 2474 βιβλίον
1180 2422 1256 2475 τῆς
1285 2420 1492 2481 κτήσεως,

79 2515 128 2522 -
160 2492 279 2548 ,,οὐκ
310 2493 360 2535 ἕν
389 2496 568 2542 πειθοῖς
597 2497 764 2550 σοφίας
792 2493 960 2552 λόγοις,
993 2496 1042 2540 ἓν
1058 2497 1289 2547 ἀποδείξει
1306 2500 1356 2544 δὲ
1371 2504 1495 2559 μᾶλ-

194 2645 235 2700 ¹)
266 2646 422 2687 Jerem.
454 2646 636 2697 XXXII,
665 2646 706 2694 8.
828 2649 870 2704 2)
899 2649 1053 2693 Jerem.
1087 2653 1268 2703 XXXII,
1301 2653 1365 2696 10.

194 2713 237 2769 3)
271 2714 358 2756 Cfr.
387 2715 542 2756 Jerem.
572 2716 755 2768 XXXII,
788 2718 853 2765 1-1.
976 2722 1017 2778 ⁴²)
1050 2723 1089 2764 ll
1124 2722 1221 2764 Cor.
1254 2724 1327 2773 IV,
1357 2724 1393 2767 7,

192 2783 234 2838 ³)
268 2785 286 2825 Ι
319 2785 419 2827 Cor.
450 2786 506 2837 ll,
538 2786 574 2829 4.
