1763 3112
258 106 342 153 244
681 104 903 146 OmGssms
938 116 983 144 m
1013 103 1250 143 Jssmzmmm

250 216 393 275 ἕωςῑ)
433 213 491 261 ἂν
520 219 725 276 παρέλθῃ
767 215 790 259 ὁ
822 212 970 271 θυμὸς
1007 215 1082 266 τῆς
1113 211 1250 269 ὀργῆς
1284 216 1429 272 μου-ί(
1478 214 1597 272 “Apta
1627 222 1676 264 δὲ

247 295 298 339 ἐν
322 292 508 349 τούτοις,
543 298 586 338 εἴ
599 311 663 343 τις
687 291 891 345 δύναται,
913 294 1093 349 τηρείτω
1122 287 1190 333 ὅτι
1217 294 1385 348 εἴρηκε·
1421 291 1677 351 ,,μικρόν2)

250 369 365 416 ὅσον
396 368 558 415 ὅσον.“
616 368 724 411 Ἀλλ’
760 369 904 411 ἐκεῖνο
937 365 985 409 τὸ
1017 364 1207 423 μικρὸν,
1247 365 1357 411 ὅσον
1387 367 1554 426 μικρόν
1584 372 1677 414 ἔστι

249 450 388 503 θεοῦ,
424 447 504 491 οὐκ
535 448 622 490 ἔστι
658 442 824 503 μικρὸν
856 440 1112 498 ἀνθρώπῳ·
1137 441 1227 501 χρὴ
1259 439 1348 501 γὰρ
1378 449 1576 501 βλέπειν,
1611 446 1676 491 ὅτι

252 523 424 581 ἑκάστῳ
471 525 569 567 ἔστί
611 538 651 565 τι
697 517 864 578 μικρὸν
911 521 987 561 καὶ
1029 525 1165 576 μέγα.
1244 524 1335 564 Καὶ
1384 522 1474 566 ἀπὸ
1523 542 1676 583 παρα-

249 603 493 660 δείγματος
532 595 835 654 παραστήσω,
878 593 943 639 ὅτι
983 594 1157 654 ἑκάστῳ
1190 599 1288 641 ἐστί
1325 617 1365 642 τι
1405 601 1574 656 μικρὸν
1602 605 1677 644 καὶ

265 683 399 736 μέγα.
454 673 656 730 Ἑκάοτῳ
687 670 780 729 cuiq,
822 671 963 732 μικροὶ
993 673 1140 732 τροφὴ
1186 671 1213 729 ἢ
1251 675 1436 732 τοσήδε,
1481 675 1539 727 ὠς
1568 677 1680 736 πρὸς

250 753 486 811 σύγκρισιν
516 754 592 805 τῆς
632 746 887 799 συστάσεως
918 748 1084 804 αὑτοῦ,
1132 755 1208 794 καὶ
1246 751 1389 807 πολλὴ
1421 752 1567 810 τροᾳὴ
1599 771 1677 798 το-

250 829 374 884 σήδε,
405 827 464 877 ὠς
492 827 606 886 πρὸς
635 829 716 883 τὴν
747 824 985 884 σύγκρισιν
1014 824 1155 871 πάλιν
1185 831 1260 882 τῆς
1283 834 1560 885 κατασκευῆς
1590 830 1676 874 αὗ-

248 909 342 950 τοῦ.
403 910 494 949 Καὶ
527 903 667 954 οὕτως
706 903 754 948 τὸ
786 903 954 962 μικρὸν
995 907 1075 947 τοῦ
1108 904 1383 962 ἀνθρώπου,
1426 903 1544 964 ἄλλῳ
1587 906 1681 965 ζώῳ

247 987 369 1040 μέγα
401 984 508 1027 ἔστί.
573 981 637 1026 Τὸ
667 979 856 1039 μικρὸν,
891 980 986 1040 φέρ’
1021 984 1189 1036 εἰπεῖν,
1235 981 1395 1041 ἀνδρὶ,
1437 982 1554 1027 πολύ
1588 986 1676 1028 ἐστι

252 1061 455 1103 παιδίου.
521 1057 674 1108 Οὕτως
713 1055 873 1115 μικρὸς
907 1054 1077 1114 χρόνος
1106 1059 1200 1102 ἐστὶ
1232 1062 1308 1115 τῆς
1349 1063 1457 1115 ζωῆς
1487 1065 1562 1116 τῆς
1595 1061 1678 1105 ἀν-

253 1140 488 1196 θρωπίνης
516 1138 607 1184 πᾶς
636 1139 713 1179 καὶ
744 1133 767 1180 ὁ
799 1137 878 1179 τοῦ
911 1136 1223 1193 πολυχρονίου
1246 1134 1305 1185 ὠς
1327 1137 1440 1195 πρὸς
1472 1135 1580 1182 ὅλον
1601 1142 1679 1182 τοῦ

250 1211 422 1263 παντὸς
464 1208 753 1266 ἐνεστηκότος
800 1213 977 1260 αἰῶνος.
1038 1209 1166 1255 Οὕτω
1208 1211 1263 1267 δὴ
1308 1218 1383 1257 καὶ
1423 1214 1472 1258 τὸ
1511 1214 1681 1272 μικρὸν

247 1293 327 1335 τοῦ
359 1292 494 1345 θεοῦ,
535 1286 653 1332 πολύ
697 1288 821 1332 ἔστιν
858 1286 917 1337 ὠς
946 1286 1060 1345 πρὸς
1098 1286 1232 1345 ἡμᾶς.
1293 1294 1386 1334 Καὶ
1416 1291 1531 1335 αἰών
1560 1293 1683 1335 ἐστιν

247 1366 354 1416 ὅλος
382 1365 432 1411 τὸ
461 1365 629 1423 μικρὸν
657 1368 739 1410 τοῦ
768 1367 894 1410 θεοῦ.
942 1363 1052 1408 Ἐὰν
1080 1368 1262 1423 λέγηται
1295 1360 1402 1410 οὖν·
1435 1366 1619 1424 ,,βάδιζε
1635 1371 1679 1425 3)

250 1442 358 1494 λαός
385 1461 502 1501 μου,
543 1446 718 1488 εἴσελθε
747 1446 808 1493 εἰς
846 1440 900 1486 τὰ
930 1440 1112 1500 ταμιεῖα
1145 1457 1254 1498 σου,
1297 1442 1571 1488 ἀπόκλεισον
1599 1443 1682 1499 τὴν

250 1521 404 1580 θύραν
433 1536 531 1576 σου,
564 1517 855 1581 ἀποκρύβηθι
882 1520 1051 1577 μικρὸν
1084 1518 1194 1564 ὅσον
1226 1518 1404 1564 &nov-‘⁶
1435 1521 1483 1565 τὸ
1515 1520 1683 1580 μικρὸν

254 1601 399 1644 ἐκεῖνο
435 1603 676 1654 νομιστέον
705 1600 921 1655 λέγεσθαι
952 1597 1004 1642 οὐ
1043 1595 1158 1655 πρὸς
1197 1594 1281 1651 τὴν
1310 1601 1466 1654 σχέσιν
1493 1601 1572 1642 τοῦ
1605 1615 1681 1643 κε-

257 1678 506 1732 λευομένου
530 1676 744 1730 βαδίζειν,
776 1679 853 1719 καὶ
882 1678 1104 1720 εἷσελθεῖν
1133 1678 1194 1723 εἰς
1222 1674 1277 1718 τὰ
1301 1680 1481 1732 ταμιεῖα
1501 1676 1679 1731 ἑαυτοῦ,

260 1750 375 1797 ἀλλὰ
406 1749 518 1810 πρὸς
546 1749 627 1805 τὴν
657 1755 812 1806 σχέσιν
839 1753 920 1795 τοῦ
953 1750 1066 1795 αὐτὰ
1109 1750 1500 1811 προστάσσοντος,
1545 1747 1568 1794 ὃ
1598 1769 1681 1810 μι-

255 1827 369 1888 κρόν
416 1829 538 1873 ἐστιν
583 1826 728 1883 αὐτῷ,
779 1826 828 1870 τὸ
873 1826 1014 1885 τούτῳ
1051 1828 1184 1873 πολύ.
1254 1831 1315 1871 Εἰ
1361 1827 1452 1888 γάρ
1498 1829 1579 1878 ἕως
1623 1826 1682 1872 ἂν

257 1908 460 1966 παρέλθῃ
493 1902 516 1949 ὁ
548 1902 695 1961 θυμὸς
722 1906 798 1958 τῆς
828 1903 964 1963 ὀργῆς
992 1907 1071 1948 τοῦ
1110 1907 1247 1959 θεοῦ,
1283 1906 1356 1948 δεῖ
1383 1921 1506 1954 τινας
1535 1907 1682 1949 εἰσελ-

259 1988 363 2028 θεῖν
389 1986 454 2032 εἷς
483 1980 537 2025 τὰ
569 1986 751 2036 ταμιεῖα
779 1980 956 2036 ἑαυτοῦ,
990 1984 1077 2025 εἰσὶ
1108 1981 1172 2035 δὲ,
1206 1975 1273 2028 οἷς
1304 1979 1386 2022 οὐκ
1413 1980 1595 2036 ἀφίεται
1625 1979 1678 2023 τὰ

260 2058 594 2118 ἁμαρτήματα,
628 2057 691 2103 ,οὐ
728 2055 878 2114 μόνον
914 2058 1018 2113 παρ’
1051 2056 1161 2102 ὅλον
1198 2056 1278 2101 τὸν
1316 2059 1460 2100 αἰῶνα
1500 2062 1677 2111 τοῦτον,

260 2136 374 2181 ἀλλὰ
403 2139 481 2180 καὶ
512 2134 615 2193 παρ’
651 2133 758 2178 ὅλον
784 2133 865 2179 τὸν
893 2137 1132 2193 μέλλοντα,
1165 2135 1305 2189 δῆλον
1337 2130 1403 2177 ὅτι
1432 2133 1481 2177 τὸ
1511 2131 1680 2192 μικρὸν

260 2219 354 2264 τοῖς
381 2216 632 2273 εἰρημένοις
661 2216 1012 2270 παρεκτείνεται.

373 2290 440 2334 11.
485 2289 692 2347 ,,Δότε“)
736 2282 820 2334 οὖν
847 2295 988 2349 κυρίῳ
1026 2291 1088 2346 τῷ
1127 2289 1220 2344 θεῷ
1259 2285 1451 2344 ὑμῶνό)
1486 2286 1677 2337 δόξαν.“

262 2370 368 2417 Πῶς
403 2364 632 2424 μδιδόαμεν
676 2372 814 2424 κυρίῳ
857 2368 918 2422 τῷ
963 2367 1057 2421 θεῷ
1098 2364 1229 2422 ἡμῶν
1271 2363 1435 2418 δόξαν,·
1498 2364 1590 2408 Οὐκ
1629 2365 1677 2408 ἐν

264 2448 440 2502 φωναῖς
475 2446 552 2486 καὶ
592 2445 824 2492 λεξειδίοις
861 2444 969 2498 ζητῶ
1006 2442 1055 2485 τὸ
1087 2440 1269 2486 διδόναι
1307 2447 1447 2500 κυρίῳ
1485 2444 1546 2497 τῷ
1585 2444 1678 2497 θεῷ

384 2626 423 2682 ¹)
451 2625 584 2665 Deest
613 2623 765 2673 ,,ἕως“
795 2623 838 2664 in
873 2624 967 2665 edd.
998 2623 1051 2665 H.
1083 2635 1123 2664 et
1153 2624 1203 2665 R.

384 2696 426 2751 ²)
454 2693 578 2736 Jesai.
608 2693 774 2742 XXVI,
804 2692 872 2735 20.

378 2766 422 2821 3)
454 2764 540 2808 Cfr.
569 2762 695 2804 Jesai.
725 2763 894 2813 XXVI,
923 2761 992 2806 20.
1030 2761 1130 2804 coll.
1160 2777 1252 2818 pag.
1283 2761 1381 2807 243.
1415 2773 1503 2804 not.
1536 2760 1574 2802 6.

375 2834 419 2890 ⁴²)
447 2833 604 2876 Jerem.
633 2832 762 2883 XIII,
795 2831 858 2876 16.
979 2832 1022 2886 ⁵)
1049 2831 1158 2873 Edd.
1188 2831 1240 2873 H.
1273 2827 1314 2872 ‘et
1344 2833 1394 2875 R.
1427 2828 1643 2890 ,,ἦμῶν.“
