1763 3112
592 61 789 102 ΠοΜιιῐΑ
813 60 908 102 ΧΧ.
1388 63 1471 108 399

64 176 251 224 dicente,
281 185 322 214 et
351 187 530 229 quaero,
565 172 652 213 sive
685 171 774 228 quis
806 187 1030 227 personam
1060 172 1251 225 figuravit
1280 175 1471 217 Salvato-

64 253 132 302 ris,
165 251 250 292 sive
280 254 323 290 in
352 248 600 290 memoriam
631 248 824 299 adduxit,
862 264 914 289 an
957 265 1099 290 verum
1131 249 1184 290 sit
1212 250 1314 300 hoc,
1357 253 1471 307 quod

63 329 222 370 dictum
249 338 321 367 est.
379 325 452 366 Ait
481 337 622 366 autem
650 325 730 381 ipsi
760 325 974 366 Salvator:
1013 325 1114 381 „qui
1143 325 1255 382 juxta
1296 343 1364 368 me
1395 341 1470 378 est,

60 405 172 461 juxta
201 404 339 456 ignem
370 415 452 444 est:
483 403 555 459 qui
584 404 708 455 longe
739 413 799 442 est
830 418 852 442 a
880 418 972 451 me,
1003 402 1127 455 longe
1158 414 1219 444 est
1246 419 1270 444 a
1296 411 1468 456 regno.“

60 481 119 523 Ut
148 480 272 531 enim,
303 480 375 536 qui
403 479 517 536 juxta
549 496 617 520 me
648 490 722 529 est,
750 478 863 537 juxta
894 479 1071 520 salutem
1104 492 1177 530 est,
1207 481 1265 521 ita
1295 492 1337 522 et
1359 480 1472 538 juxta

58 557 195 610 ignem
235 569 308 599 est.
374 558 431 598 Et
469 557 540 613 qui
577 556 749 598 audiens
793 572 882 606 me,
929 568 971 597 et
1007 556 1148 598 audita
1185 558 1473 613 praevaricans

57 635 189 675 factus
221 645 282 674 est
312 650 379 674 vas
409 633 493 675 irae
522 645 815 690 praeparatum
844 632 888 673 in
918 633 1218 688 perditionem,
1247 652 1342 676 cum
1360 635 1474 692 juxta

56 727 124 752 me
156 722 230 760 est,
259 709 373 766 juxta
402 710 540 764 ignem
571 723 644 756 est.
710 710 757 752 Si
796 726 895 750 vero
928 710 1019 766 quis
1052 727 1220 762 cavens,
1259 713 1473 769 quoniam,

57 787 129 843 qui
157 786 269 843 juxta
299 803 368 827 me
399 799 473 838 est,
492 789 530 845 ¹)
561 788 674 845 juxta
701 788 840 840 ignem
873 798 948 836 est,
979 788 1103 840 longe
1133 790 1265 830 factus
1293 789 1422 830 fuerit
1450 806 1473 830 a

55 880 137 914 me,
167 880 220 904 ne
251 863 364 921 juxta
393 864 530 917 ignem
561 865 637 916 sit,
668 865 761 906 talis
791 863 963 919 quidem
993 863 1118 915 longe
1147 865 1312 907 futurus
1341 878 1402 907 est
1432 879 1473 907 et

56 958 79 982 a
98 956 242 993 regno.
286 940 342 981 Et
372 943 590 996 quomodo
621 942 789 991 athleta,
819 940 890 996 qui
928 956 1015 980 non
1046 952 1106 981 est
1135 941 1181 981 in
1207 958 1339 994 agone
1374 960 1472 984 con-

56 1017 248 1073 scriptus,
278 1033 415 1073 neque
445 1018 608 1071 flagella
637 1017 809 1069 metuit,
840 1033 977 1073 neque
1009 1030 1220 1074 exspectat
1250 1035 1471 1061 coronam:

54 1094 127 1150 qui
157 1106 298 1135 autem
335 1095 469 1135 semel
506 1110 665 1135 nomen
701 1095 914 1150 professus
955 1107 1036 1145 est,
1083 1095 1117 1135 si
1154 1095 1288 1138 victus
1331 1097 1472 1147 fuerit,

55 1173 299 1213 verberatur
327 1183 451 1228 atque
480 1171 717 1228 projicitur,
749 1171 783 1212 si
801 1187 900 1212 vero
928 1171 1088 1222 vicerit,
1121 1185 1367 1215 coronatur:
1400 1191 1472 1214 eo·

55 1250 152 1290 dem
181 1249 334 1299 modo,
375 1248 447 1305 qui
488 1249 694 1301 ingressus
734 1260 795 1289 est
833 1249 1073 1299 ecclesiam,
1114 1265 1139 1289 o
1175 1251 1471 1291 catechumene

53 1326 258 1375 ausculta,
279 1324 354 1380 qui
386 1325 557 1366 accessit
588 1326 641 1366 ad
670 1341 908 1366 sermonem
937 1326 1035 1376 Dei,
1064 1326 1169 1367 nihil
1200 1327 1316 1368 aliud
1348 1345 1473 1384 quam

55 1401 314 1458 conscriptus
354 1412 415 1441 est
453 1400 495 1442 in
527 1402 751 1443 certamine
793 1402 983 1458 pietatis:
1024 1415 1066 1444 et
1105 1404 1390 1461 conscriptus,
1435 1406 1470 1446 si

52 1496 137 1520 non
169 1478 354 1531 legitime
388 1479 619 1530 certaverit,
651 1479 839 1520 caeditur
868 1480 1055 1532 flagellis,
1087 1481 1238 1536 quibus
1266 1498 1353 1523 non
1379 1499 1470 1524 ver-

51 1557 250 1596 berantur
278 1554 322 1608 ii,
357 1555 428 1611 qui
459 1572 544 1596 non
574 1556 617 1597 in
647 1556 859 1613 principio
892 1558 1120 1613 conscripti
1149 1570 1256 1599 sunt.
1324 1559 1371 1602 Si
1399 1575 1472 1600 au-

51 1644 138 1673 tem
170 1631 433 1673 contenderit
463 1632 631 1673 fortiter
660 1634 712 1674 ad
743 1633 940 1686 fugienda
975 1636 1162 1685 verbera,
1196 1648 1236 1676 et
1253 1647 1471 1677 contume-

52 1709 140 1760 lias,
169 1725 256 1750 non
285 1709 426 1749 solum
454 1709 604 1768 injuria
642 1709 908 1761 liberabitur,
949 1713 1024 1752 sed
1063 1712 1353 1769 incorruptam
1381 1714 1471 1767 glo-

50 1786 136 1827 riae
167 1785 346 1841 accipiet
377 1803 590 1827 coronam.

163 1863 198 1905 4.
236 1863 440 1919 ,‚Opus²)
471 1864 661 1904 Domino
692 1864 893 1905 virtutum
922 1864 964 1904 in
986 1876 1097 1905 terra
1119 1865 1471 1910 Chaldaeorum.“

48 1941 172 1981 Juxta
206 1939 392 1980 diversos
423 1939 661 1981 intellectus
690 1953 878 1981 terrenus
920 1942 1040 1982 locus
1070 1942 1367 1998 multipliciter
1394 1961 1472 1984 no-

49 2017 242 2068 minatur,
273 2029 313 2058 et
345 2019 563 2073 quomodo
596 2018 812 2059 differenti
841 2019 950 2059 inter
981 2035 1023 2060 se
1052 2020 1215 2059 ratione
1240 2020 1363 2075 plura
1379 2021 1472 2062 Sal-

50 2106 169 2138 vator
197 2095 322 2135 habet
352 2094 576 2144 vocabula,
626 2112 721 2136 cum
759 2113 865 2137 unus
904 2096 946 2136 in
975 2095 1208 2153 subjacenti
1236 2096 1302 2147 sit,
1333 2097 1469 2138 varius

50 2183 192 2214 autem
221 2172 264 2213 in
293 2171 544 2212 virtutibus:
583 2172 642 2214 sic
683 2185 723 2214 et
763 2185 940 2229 propter
969 2173 1175 2214 malitiam
1205 2174 1366 2226 generis
1396 2175 1473 2214 hu—

47 2249 161 2290 mani
189 2261 354 2290 terrena
381 2248 562 2300 negotia,
593 2266 688 2291 cum
717 2267 851 2291 unum
881 2250 963 2291 sint
992 2250 1036 2291 in
1066 2249 1320 2307 subjacenti,
1351 2251 1474 2292 intel-

50 2326 182 2367 lectus
213 2325 452 2367 diversitate
484 2337 579 2366 sunt
598 2328 793 2382 plurima.
842 2327 974 2382 Quod
998 2338 1140 2368 autem
1166 2328 1278 2378 dico,
1308 2328 1367 2369 sic
1397 2329 1472 2370 fiet

48 2402 332 2452 manifestim,
379 2419 473 2443 cum
515 2406 776 2460 exemplum,
824 2406 941 2461 quod
986 2421 1009 2446 a
1049 2405 1268 2446 Salvatore
1298 2406 1471 2447 assumsi

49 2479 291 2529 edisserens,
323 2480 375 2520 ad
409 2496 467 2529 ea,
500 2496 606 2535 quae
632 2494 727 2522 sunt
759 2481 960 2538 subjecta,
992 2483 1251 2538 explananda
1263 2495 1472 2524 transcen·

50 2558 165 2598 dero.
226 2557 367 2598 Unum
400 2557 616 2616 subjacens
656 2570 716 2599 est
755 2559 944 2600 Domino
984 2576 1079 2600 meo
1117 2561 1217 2600 Jesu
1248 2560 1469 2602 Salvatori.

51 2634 143 2675 Hoc
176 2651 260 2673 uno
293 2633 545 2691 subjacente,
577 2636 660 2676 alio
681 2635 899 2678 intellectu
915 2638 1101 2678 medicus
1123 2648 1195 2685 cst,
1227 2635 1338 2693 juxta
1355 2638 1470 2693 quod

169 2796 209 2850 ¹)
239 2796 367 2836 Deest
398 2799 439 2836 iu
473 2798 565 2837 edd.
596 2797 655 2837 M.
689 2805 817 2848 ‚,est.“
939 2800 980 2855 ²)
1011 2798 1096 2839 (lh-r
1126 2797 1281 2838 Jerem.
1315 2797 1370 2846 L,
1401 2797 1453 2840 25
