1763 3112
608 103 654 133 m
683 89 710 130 J
712 99 937 130 ssnssmmm.
1395 90 1479 134 425

70 206 144 259 „⁶2
184 204 202 260 )
232 203 282 247 δὲ
311 199 571 259 ἐγνώκειτε,
610 204 654 244 τί
682 201 827 245 ἐστιν·
858 199 986 244 ἔλεον
1015 202 1159 255 θέλω,
1197 202 1274 242 καὶ
1304 200 1357 245 οὐ
1386 208 1478 246 θυ-

71 285 197 325 σίαν·
244 279 326 324 οὐκ
368 275 426 321 ιῖν
465 275 787 322 κατεδικάσατε
823 274 926 325 τοὺς
962 275 1239 325 ἀναιτίους.“
1297 275 1392 322 Ὅτι
1429 282 1481 326 δὲ

69 358 174 415 περὶ
201 357 432 411 μυστικῶν
461 348 486 415 ᾖ
516 352 698 409 τοιαύτη
739 357 1015 411 νομοθεσία,
1063 355 1244 404 Παῦλος
1284 355 1477 412 ἐδίδαξε,

69 436 239 489 λέγων·
286 433 535 490 ,,οῗτινες2)
591 430 898 488 ὑποδείγματι
949 433 1026 472 καὶ
1069 433 1173 487 σκιᾷ
1219 431 1477 493 λατρεύουσι

69 512 160 554 τῶν
190 510 527 566 ἐπουρανίων.“

531 784 800 844 Κεφάλαιον
831 780 1014 843 ὄγδοον.

181 897 469 959 ,,Τρυγών3)
500 902 576 941 καὶ
604 895 799 953 χελιδών
830 894 973 953 ἀγροῦ
1014 901 1289 955 στρουθία.“
1362 907 1483 959 Τρυ-

71 974 168 1033 γών
200 980 275 1019 καὶ
299 974 498 1033 χελιδών
527 976 673 1034 ἀγροῦ
705 978 939 1030 στρουθία,
974 976 1017 1017 οἱ
1038 980 1216 1019 συνετοὶ
1242 976 1482 1037 ἀκροαταὶ,

69 1056 146 1096 καὶ
178 1056 221 1096 οἱ
249 1057 312 1102 εἰς
339 1052 387 1096 τὸ
418 1056 566 1109 λέγειν
595 1050 649 1095 τὰ
689 1056 923 1110 κρείττονα
953 1054 1125 1107 ἱκανοὶ,
1169 1053 1404 1112 ἐφύλαξαν
1433 1060 1484 1102 ἕν

69 1132 210 1185 καιρῷ
240 1135 473 1174 ποιεῖσθαι
504 1127 582 1179 τάς
609 1131 730 1178 ἰδίας
758 1127 979 1184 εἰσόδους,
1012 1127 1123 1174 ὥστε
1153 1130 1202 1175 τὸ
1233 1131 1485 1190 λεγόμενον

71 1213 393 1252 καθικνεῖσθαι
421 1210 512 1251 τῶν
543 1204 818 1262 ἀκουόντων,
853 1205 1180 1265 συντρεχούσης
1210 1212 1285 1265 τῆς
1300 1210 1484 1257 εἰσόδου

71 1287 147 1338 τῆς
169 1283 411 1341 χελιδόνος
438 1288 488 1344 τῇ
521 1282 685 1341 εἰσόδῳ
716 1287 791 1339 τῆς
819 1282 1055 1344 τρυγόνος.

525 1559 795 1620 Κεφάλαιον
825 1563 1032 1607 δέκατον.

185 1673 360 1731 ,,Καὶ4)
379 1671 585 1730 ἀνήγαγε
604 1677 798 1731 νεφέλας
815 1675 863 1725 ἐξ
878 1672 1072 1732 ἐσχάτου
1092 1678 1170 1730 τῆς
1185 1678 1318 1733 γῆς.“
1346 1679 1486 1725 Ἀνά-

73 1767 145 1808 γει
173 1752 224 1795 δὲ
254 1753 330 1794 καὶ
359 1753 550 1809 νεφέλας
581 1751 628 1800 ἐξ
658 1748 850 1808 ἐσχάτου
890 1754 965 1808 τῆς
993 1755 1098 1810 γῆς,
1131 1755 1484 1815 προσκαλούμε-

75 1844 152 1876 νος
180 1824 230 1871 τὸ
260 1825 384 1886 ὕδωρ
412 1829 487 1882 τῆς
516 1825 764 1884 θαλάττης,
809 1832 888 1872 καὶ
926 1829 1096 1885 ἒκχέων
1123 1830 1230 1875 αὐτὸ
1260 1833 1337 1877 ἐπὶ
1366 1833 1488 1894 πρό-

76 1920 235 1949 σωπον
263 1907 340 1960 τῆς
367 1907 464 1961 γῆς.
523 1908 618 1948 Καὶ
658 1900 801 1955 ἄλλως
841 1906 894 1950 δὲ
930 1906 1035 1957 τοὺς
1072 1905 1233 1966 ἁγίους
1268 1908 1292 1965 ἡ
1324 1912 1483 1971 γραφή

76 1985 268 2041 νεφέλας
298 1985 453 2037 καλεῖ,
493 1982 564 2041 ἐφ’
609 1978 663 2032 ἃς
691 1981 905 2041 ἀνάγεται
935 1982 986 2028 τὸ
1016 1988 1094 2041 τῆς
1122 1985 1338 2043 ἀληθείας
1364 1987 1489 2047 ὕδωρ

77 2061 160 2110 ἕως
188 2063 279 2105 τῶν
307 2061 529 2119 νεφελῶν.
588 2063 698 2111 Πῶς
724 2060 815 2119 γὰρ
845 2058 904 2105 ἂν
933 2064 1007 2107 ἐπὶ
1039 2062 1117 2113 τὰς
1144 2063 1356 2122 ἀψύχους
1371 2065 1490 2111 ἀνά-

78 2154 231 2197 γοιτο,·
264 2137 375 2181 Ἀλλ’
418 2139 496 2182 ἐπὶ
531 2137 633 2188 τοὺς
661 2138 911 2190 ἀκούοντας
937 2143 1014 2196 τῆς
1042 2142 1224 2197 ἐντολῆς
1250 2146 1330 2187 τοῦ
1359 2148 1488 2190 θεοῦ.

191 2213 529 2274 ,,Ἀστραπὰς5)
580 2219 642 2267 εἷς
679 2214 812 2263 ὑετὸν
847 2218 1114 2274 ἓποίησεν.“
1183 2224 1418 2279 Λέγουσιν
1442 2226 1492 2269 οἱ

79 2295 186 2351 περὶ
213 2295 353 2336 ταῦτα
383 2293 540 2348 δεινοὶ,
573 2297 732 2353 νεφῶν
760 2294 970 2351 ἀλλήλοις
999 2303 1399 2359 συγκρουομένων,
1431 2301 1492 2353 ὥς

81 2371 158 2414 ἐπὶ
188 2374 333 2415 λίθων
361 2368 658 2429 πυρογόνων,
703 2365 820 2431 ἦχόν
847 2389 894 2419 τε
921 2377 1140 2432 γενέσθαι
1169 2381 1381 2435 βροντῆς,
1412 2381 1493 2424 καὶ

81 2450 180 2506 φῶς
209 2447 452 2504 ἀστραπῆς.

192 2525 377 2582 ,,Καὶ6)
407 2523 601 2583 ἐξήγαγε
631 2528 731 2583 φῶς
758 2527 808 2571 ἐκ
837 2531 1083 2586 θησαυρῶν
1114 2530 1305 2578 αὐτοῦ.“
1362 2533 1491 2578 Κατά

205 2686 243 2742 ¹)
272 2687 421 2730 Matth.
451 2689 552 2738 XH,
583 2688 621 2730 7.
796 2689 838 2744 ²)
869 2691 998 2735 Hebr.
1029 2695 1148 2744 VIII,
1179 2696 1216 2738 5.

202 2757 245 2813 ³)
273 2756 428 2799 Jerem.
459 2759 578 2809 VIII,
609 2758 645 2800 7.
793 2760 836 2815 ⁴)
865 2761 1020 2805 Jerem.
1051 2765 1106 2817 X,
1138 2764 1201 2809 13.

204 2828 244 2883 ⁵)
272 2827 429 2872 Jerem.
459 2830 512 2880 X,
544 2829 608 2873 13.
794 2830 837 2887 6)
865 2831 1021 2875 Jerem.
1054 2835 1110 2887 Χ,
1142 2835 1207 2880 13.
