1763 3112
663 118 711 146 m
738 103 990 146 JEREMJAM.
1454 104 1535 148 471

123 216 211 272 μὲν
242 208 323 260 οὖν
352 214 474 272 λόγῳ
503 213 676 265 πάντας
702 214 892 272 ἥνωσεν.
960 219 1021 258 Εἰ
1056 216 1110 260 δέ
1134 229 1250 264 τινες
1281 216 1534 260 ἀπειθοῦν-

122 309 192 342 τες
221 291 482 350 ἐφάνησαν,
529 291 716 337 ἀνίατον
752 290 802 335 τὸ
839 289 991 341 πάθος
1019 289 1281 348 ἐκτήσαντο.
1338 285 1420 340 Εἷς
1451 283 1534 335 οὖν

121 366 144 412 6
175 370 265 417 πᾶς
290 367 558 426 ’[σραηλίτης
599 367 712 412 κατὰ
753 366 835 423 τὴν
874 372 1145 426 συγγένειαν
1173 367 1255 423 τὴν
1293 366 1531 423 ἀληθινὴν,

119 447 159 489 εἰ
187 443 354 494 πάντες
378 444 428 490 ἓν
457 444 589 501 σῶμά
620 446 784 504 ἐσμεν,
827 447 903 487 καὶ
932 439 993 493 εἷς
1025 440 1178 503 ἄρτος,
1216 447 1290 489 καὶ
1321 446 1401 489 τοῦ
1432 443 1532 494 ἑνὸς

116 525 369 579 μετέχομεν
397 521 670 579 πνεύματος.
714 520 1029 579 Πλανώμενον
1052 523 1103 566 δὲ
1131 522 1377 580 πρόβατον,
1409 519 1431 565 6
1463 520 1526 577 μὴ

115 597 356 655 τυγχάνων
393 603 470 654 τῆς
506 603 587 644 τοῦ
632 597 913 654 καθήκοντος
952 598 1097 657 θήρας
1130 600 1182 643 ἔν
1219 616 1265 645 τε
1301 597 1429 657 λόγῳ·
1453 602 1529 641 καὶ

115 673 292 730 πράξει,
324 673 352 731 ἢ
383 679 444 733 τῷ
476 674 539 732 μὴ
571 679 726 731 ζητεῖν,
759 672 784 730 ἢ
818 679 874 732 τῷ
906 676 969 732 μὴ
1002 675 1161 735 εὑρεῖν.
1226 675 1274 721 Ὁ
1304 676 1355 720 δὲ
1382 674 1525 728 εἰδώς,

114 756 190 795 καὶ
219 755 368 797 ποιῶν
399 752 452 797 τὰ
482 756 558 807 τῆς
589 751 887 810 ἐπιγνώσεως,
921 753 974 797 οὗ
996 756 1247 797 πλανᾶται·
1279 752 1302 797 6
1335 753 1386 797 δὲ
1404 756 1526 795 πλα-

113 827 314 884 νώμενος
344 828 436 873 άπὸ
466 828 662 875 λεόντων
693 832 940 880 ἐξωθεῖται.
1010 828 1148 887 „‘0¹)
1178 828 1267 887 γὰρ
1298 829 1525 878 ἀντίδικος

111 903 245 962 ἡμῶν
282 904 494 962 διάβολος
532 905 591 957 ὠς
628 910 743 951 λέων
781 905 1039 963 ὠρυόμενος
1077 912 1336 966 περιπατεῖ,
1385 910 1524 961 ζητῶν

110 987 211 1025 τίνα
239 986 487 1043 καταπίῃ.“
535 980 652 1038 ’Ὴδη
684 985 733 1027 δὲ
765 986 842 1026 καὶ
871 979 1102 1039 ,,σκύμνοι
1120 983 1162 1039 ²)
1194 986 1373 1031 λέοντος
1401 983 1522 1040 ὠρυ-

110 1056 267 1114 όμενοι
300 1057 517 1118 ἁρπάσαι,
550 1062 627 1102 καὶ
656 1063 835 1114 ζητῆσαι
864 1058 989 1118 παρὰ
1013 1062 1108 1116 θεῷ
1132 1062 1304 1117 βρῶσιν
1319 1058 1520 1112 αὐτοῖς,“

107 1134 450 1190 ἐπιβουλεύουσι
487 1140 579 1185 τοῖς
618 1137 837 1193 δικαίοις,
891 1133 1165 1191 βουλόμενοι
1202 1137 1365 1185 ἐξῶσαι
1401 1132 1521 1191 ἡμᾶς

108 1211 200 1255 ιἰπὸ
229 1215 320 1256 τῶν
350 1211 471 1268 ὀρῶν
499 1215 575 1266 τῆς
606 1211 794 1271 εἰρήνης.
845 1211 954 1255 Ἀλλ’
989 1210 1048 1262 ὠς
1076 1212 1228 1267 Λαβὶδ
1258 1209 1410 1266 λαβὼν
1439 1211 1517 1253 τοῦ

105 1286 328 1345 πώγωνος
364 1286 444 1332 τὸν
484 1291 642 1332 λέοντα
684 1289 888 1343 ἔπνιξεν,
929 1286 1044 1332 οὕτω
1083 1286 1162 1332 τὸν
1206 1286 1518 1345 πνευματικὸν

105 1366 282 1420 Δαβὶδ,
314 1363 395 1408 τὸν
427 1363 629 1423 Χριστὸν
659 1363 969 1420 ἐκζητήσωμεν
998 1362 1200 1421 λαβόντα
1229 1364 1310 1409 τὸν
1339 1367 1513 1418 λέοντα,

104 1444 182 1485 καὶ
219 1445 316 1485 πᾶν
353 1440 402 1485 τὸ
432 1444 524 1485 τῶν
552 1447 727 1500 θηρίων
766 1443 1007 1502 συνέδριον
1045 1439 1278 1486 ἀνελόντα.
1336 1438 1434 1484 Δύο
1465 1440 1516 1483 δὲ

103 1521 190 1563 νῦν
217 1516 444 1576 λαμβάνει
483 1522 665 1569 λέοντας
703 1518 934 1577 γενικοὺς,
973 1517 1053 1564 τόν
1091 1536 1137 1564 τε
1170 1515 1410 1576 Ἀσσύριον
1438 1520 1514 1561 καὶ

102 1594 184 1640 τὸν
209 1592 524 1652 Βαβυλώνιον.
586 1595 715 1640 Κατὰ
747 1595 828 1652 τὴν
856 1599 1062 1655 ἱστορίαν
1089 1595 1171 1651 τὴν
1187 1596 1238 1639 ἐν
1257 1597 1307 1655 τῇ
1330 1591 1512 1654 τετάρτῃ

101 1675 192 1717 τῶν
218 1676 475 1718 Βασιλειῶν
503 1671 587 1717 δύο
627 1677 768 1719 εἰσίν·
810 1672 832 1719 6
869 1677 958 1732 μὲν
991 1672 1080 1734 γάρ
1115 1670 1346 1731 Ἀσσύριος
1379 1669 1510 1728 ἀπῴ-

101 1764 197 1795 κισε
236 1748 338 1799 τοὺς
374 1749 500 1800 υἱοὺς
532 1749 707 1808 Ἰσραὴλ
745 1755 807 1800 εἰς
831 1750 1090 1811 Ἀσσυρίους
1132 1750 1213 1800 ἕως
1250 1751 1328 1802 τῆς
1367 1746 1512 1804 σήμε-

102 1840 206 1883 ρον·
239 1825 261 1871 6
296 1827 347 1870 δὲ
375 1824 667 1883 Βαβυλώνιος
695 1826 798 1878 τούς
826 1826 950 1877 υἱοὺς
975 1826 1125 1871 Ἰούδα
1154 1829 1216 1876 εἰς
1236 1828 1507 1882 Βαβυλῶνα.

99 1903 231 1959 Πλὴν
261 1904 343 1948 οὐκ
372 1906 461 1963 ἔφη
495 1907 579 1948 νῦν
607 1908 785 1962 πρῶτος
811 1907 890 1948 καὶ
919 1903 1146 1963 δεύτερος,
1192 1902 1304 1947 ἀλλὰ
1334 1905 1510 1961 πρῶτος

99 1984 178 2025 καὶ
206 1982 405 2038 ἔσχατος.
465 1984 652 2040 Πρῶτος
680 1979 770 2040 γὰρ
799 1984 914 2026 λέων
943 1980 965 2026 6
997 1982 1307 2038 ἀντικείμενος
1344 1977 1505 2036 διάβο-

99 2062 188 2113 λος,
220 2057 351 2108 αὐτὸς
381 2056 404 2102 6
437 2056 839 2117 ἀνθρωποκτόνος·
875 2062 1124 2109 τελευταῖος
1152 2059 1203 2103 δὲ
1234 2056 1257 2102 ὁ
1288 2058 1365 2101 ἐπὶ
1394 2071 1508 2102 συν-

97 2139 244 2192 τελείᾳ
273 2138 352 2180 τοῦ
383 2138 546 2185 αἰῶνος
574 2133 633 2192 ,,ό
650 2137 692 2193 3)
722 2132 969 2194 ἅνθρωπος
997 2139 1072 2192 τῆς
1101 2134 1338 2193 ἁμαρτίας,
1371 2133 1508 2186 ὁυὶὁς

97 2216 175 2268 τῆς
212 2212 461 2268 ἀπωλείας,
511 2210 534 2256 6
579 2211 882 2272 ἐπαιρόμενος
924 2214 1003 2257 ἐπὶ
1054 2210 1207 2258 πάντα
1252 2209 1506 2270 λεγόμενον

97 2288 209 2335 θεὸν
237 2287 263 2345 ἢ
293 2290 550 2349 σέβασμα.“

210 2365 372 2424 ,,Ἰδού,
390 2367 434 2422 ⁴)
464 2365 554 2424 ἐγώ
583 2367 746 2412 ἐκδικῶ
777 2368 856 2412 ἐπὶ
886 2365 966 2412 τὸν
978 2369 1163 2423 βασιλέα
1181 2368 1505 2422 Βαβυλῶνος.“

103 2443 167 2489 Οὐ
209 2438 399 2488 δύναται
439 2443 462 2487 6
497 2443 671 2501 Ἰσραὴλ
713 2445 1082 2500 ἀποκαταστῆναι
1127 2445 1190 2492 εἰς
1226 2441 1309 2496 τὴν
1358 2442 1505 2502 νομὴν

100 2521 267 2580 αὐτοῦ,
305 2520 388 2565 ἐὰν
423 2519 487 2577 μὴ
517 2519 734 2566 πάθωσιν
763 2525 807 2566 οἱ
836 2520 921 2567 δύο
949 2524 1147 2578 βασιλεῖς
1174 2517 1204 2564 ἃ
1235 2521 1309 2565 δεῖ
1333 2526 1504 2566 παθεῖν

100 2598 214 2660 ὑπὲρ
243 2602 321 2652 τῆς
348 2597 650 2643 πεπονθότων
686 2602 833 2649 κακῶς
871 2596 1155 2654 ἐκδικήσεως.
1214 2595 1405 2648 Πάντως
1434 2602 1508 2645 δεῖ

215 2760 254 2816 ¹)
286 2761 305 2801 1
334 2759 447 2801 Patr.
476 2758 527 2808 v,
555 2755 594 2801 8.
713 2757 756 2815 2)
785 2758 938 2801 Psalm.
970 2758 1079 2809 clv,
1107 2757 1172 2801 21.
1203 2758 1364 2815 (0111.)

216 2828 262 2885 ³)
291 2828 377 2873 Cfr.
411 2830 454 2870 11
483 2828 627 2871 Thess.
659 2828 715 2880 11.
743 2827 785 2874 3.
814 2827 852 2872 4.
971 2829 1016 2884 ⁴)
1043 2830 1199 2871 Jerem.
1230 2830 1276 2880 L,
1309 2829 1373 2875 18.
