1763 3112
647 71 846 114 HommA
875 71 971 113 XX.
1419 72 1499 117 401

85 183 272 224 cessitate
302 183 498 238 pendere.
559 184 645 225 Sed
670 184 786 225 Deus
816 183 1028 224 Abraham
1044 198 1298 238 promovens
1329 185 1383 224 ad
1410 201 1499 225 me-

83 259 203 310 liora,
234 259 335 300 dixit
368 260 428 300 ei:
460 260 576 313 „Ego
596 262 635 318 ¹)
665 277 770 311 sum,
803 260 874 316 qui
906 272 946 300 te
982 260 1115 300 educo
1152 261 1203 300 de
1233 272 1343 300 terra
1375 261 1498 302 Chal-

85 337 325 378 daeorum.“
384 337 541 378 Potens
580 350 640 379 est
679 338 791 379 enim
818 338 957 387 Deus,
1001 338 1072 393 qui
1113 350 1154 378 et
1191 336 1313 378 nobis
1344 337 1499 379 tribuat

85 414 136 453 de
167 425 276 454 terra
308 414 617 456 Chaldaeorum
648 415 781 465 exire,
822 427 868 455 ut
898 415 1067 455 nullum
1098 415 1228 455 alium
1258 416 1412 471 absque
1446 432 1496 456 eo

84 507 169 531 esse
202 492 440 542 credamus,
481 493 551 549 qui
583 493 822 548 dispensans
853 493 1066 542 universa,
1106 505 1147 533 et
1184 509 1329 545 regens
1370 491 1498 533 vitam

79 580 265 610 nostram
296 586 375 625 pro
408 570 675 626 qualitatibus
712 572 984 620 meritorum,
1023 569 1302 611 accidentium
1338 569 1502 610 diversa

79 647 337 688 moderetur.
395 649 542 704 Neque
574 647 685 688 enim
714 648 871 689 micans
902 648 1078 704 aliquod
1105 647 1241 697 sidus,
1272 647 1340 687 vel
1368 646 1502 687 Phae-

79 724 250 774 thontis,
280 737 328 766 ut
364 726 492 777 aiunt,
523 727 591 767 vel
623 725 810 781 corrupti
845 725 1085 779 catamiti²)
1119 726 1240 766 stella
1255 736 1500 765 nostrorum

81 817 244 843 causam
276 803 463 843 continet
493 804 774 856 negotiorum.
843 805 898 845 Et
927 803 1040 860 juxta
1069 819 1201 843 unum
1234 803 1406 858 quidem
1436 819 1498 843 ar-

78 892 321 932 gumentum
352 881 395 921 in
424 893 535 922 terra
567 881 877 923 Chaldaeorum
902 892 986 930 est,
1029 880 1100 936 qui
1130 895 1255 934 supra
1286 879 1406 920 dictis
1437 894 1502 919 ra-

77 957 422 1000 tiocinationibus
461 958 660 999 credidit:
710 957 823 1016 juxta
861 958 975 999 aliud
1014 973 1114 998 vero
1154 956 1371 997 adscendit
1410 955 1500 1011 quis

79 1053 205 1092 super
232 1048 355 1087 tecta,
387 1049 427 1078 et
457 1047 678 1076 veneratur
706 1035 906 1077 militiam
932 1035 1054 1077 coeli.
1101 1033 1342 1076 Invenimus
1357 1033 1399 1089 3)
1429 1048 1500 1073 au-

76 1125 164 1154 tem
194 1114 237 1155 in
264 1114 449 1156 Jeremia
475 1115 654 1155 multam
685 1125 724 1154 et
760 1113 823 1155 his
853 1114 947 1155 fieri
986 1111 1380 1161 comminationem,
1428 1110 1500 1166 qui

78 1192 211 1232 libant
239 1191 416 1233 militiae
445 1191 542 1233 Dei.
618 1191 767 1247 „Opus
784 1192 825 1248 ⁴)
858 1208 956 1244 ergo
986 1189 1177 1231 Domino
1212 1188 1417 1229 virtutum
1455 1187 1499 1226 in

76 1280 186 1311 terra
218 1269 542 1318 Chaldaeorum,
574 1270 671 1325 quia
700 1279 906 1309 venerunt
933 1278 1128 1323 tempora
1160 1265 1286 1324 ejus.“

192 1348 232 1392 5.
264 1346 468 1403 „Aperite
484 1346 524 1404 ⁵)
557 1347 781 1402 apothecas
814 1345 944 1404 ejus.“
992 1344 1265 1386 'Manifestum
1297 1354 1371 1394 est,
1403 1342 1500 1398 quia

78 1435 212 1464 terrae
253 1422 579 1465 Chaldaeorum.
656 1423 764 1465 Sunt
809 1435 947 1464 autem
993 1421 1223 1478 apothecae
1267 1420 1502 1462 Chaldaeo-

79 1518 192 1551 rum,
239 1500 454 1542 doctrinae
498 1500 775 1542 nativitatum.
855 1499 1139 1553 „Scrutamini
1154 1499 1194 1555 6)
1246 1514 1336 1539 eam
1386 1497 1502 1554 quasi

78 1580 342 1635 speluncam,
383 1589 425 1619 et
464 1578 735 1634 disperdite.“
816 1578 903 1633 Qui
949 1577 1111 1633 respuit
1155 1574 1500 1631 supputationem

76 1656 291 1708 natalium,
322 1655 394 1712 qui
423 1655 609 1697 veritatis
638 1673 832 1697 sermone
863 1655 996 1696 utitur
1026 1655 1248 1695 adversum
1280 1669 1393 1703 eam,
1429 1653 1501 1710 qui

80 1734 282 1784 ostendit,
328 1731 435 1774 nihil
467 1748 636 1783 eorum,
689 1750 795 1790 quae
825 1731 1109 1775 mathematici
1148 1730 1315 1781 dicunt,
1354 1747 1501 1771 verum

80 1827 190 1862 esse,
219 1811 292 1867 qui
324 1811 450 1851 docet
478 1810 766 1853 inscrutabilia
793 1810 951 1871 judicia
979 1810 1079 1861 Dei,
1108 1825 1188 1850 nec
1219 1824 1266 1850 ea
1294 1824 1419 1864 posse
1449 1809 1501 1850 ab

77 1888 319 1930 hominihus
351 1888 668 1943 comprehendi,
700 1888 773 1944 qui
802 1888 967 1939 asserit,
998 1888 1095 1945 quia
1124 1886 1262 1928 sidera
1290 1902 1378 1927 non
1407 1898 1502 1927 sunt

79 1983 224 2008 causae
256 1982 425 2017 eorum,
458 1981 563 2022 quae
592 1966 700 2006 fiunt
729 1983 856 2022 super
884 1978 1055 2016 terram,
1085 1965 1224 2006 minus
1255 1980 1396 2005 autem
1430 1980 1502 2004 eo-

78 2059 185 2094 rum,
216 2060 320 2100 quae
350 2043 473 2085 nobis
504 2043 747 2085 Christianis
779 2043 986 2093 accidunt,
1017 2042 1095 2083 iste
1120 2041 1362 2098 exsequitur
1379 2057 1500 2097 prae-

79 2133 248 2177 ceptum
278 2120 470 2170 Domini,
503 2120 698 2162 dicentis:
731 2120 1046 2177 „disperdite⁷)
1080 2126 1212 2161 eam.“
1283 2118 1400 2173 Quid
1432 2135 1503 2159 au-

80 2210 167 2239 tem
197 2198 249 2239 sit
277 2198 381 2248 hoc,
422 2198 538 2253 quod
567 2198 777 2255 sequitur,
821 2214 935 2249 „non
949 2198 991 2254 8)
1030 2197 1132 2239 fiant
1174 2197 1213 2238 ei
1240 2195 1502 2253 reliquiae:“

82 2276 367 2332 quaerendum
399 2285 472 2320 est.
531 2276 596 2317 Ne
626 2276 787 2333 aliqua,
825 2274 985 2332 inquit,
1023 2274 1267 2317 rescindatis
1300 2273 1504 2316 Chaldae-

82 2369 218 2405 orum,
249 2353 387 2410 aliqua
416 2353 647 2396 reservetis.
695 2354 765 2397 Ob
791 2353 835 2395 id
864 2352 996 2411 jubet,
1025 2369 1079 2393 ne
1109 2352 1314 2409 pusillum
1329 2352 1502 2409 quidem

200 2534 240 2592 ¹)
273 2534 379 2576 Gen.
410 2534 505 2586 XV,
539 2535 576 2578 7.
696 2536 738 2594 ²)
768 2536 878 2579 Edd.
909 2535 972 2584 M,
1002 2534 1267 2594 „catamyti.“

197 2604 239 2659 ³)
273 2605 360 2647 Cfr.
390 2603 546 2646 Jerem.
578 2606 674 2648 VII.
706 2618 747 2648 et
775 2607 925 2650 XLIV.

198 2672 240 2731 ⁴¹)
273 2674 359 2716 Cfr.
391 2674 546 2717 Jerem.
577 2676 625 2726 L,
653 2674 724 2719 25.
755 2674 823 2719 26.
944 2677 985 2732 ⁵)
1014 2676 1170 2718 Jerem.
1201 2675 1248 2726 L,
1277 2673 1347 2720 26.

199 2741 242 2799 6)
273 2743 360 2787 Cfr.
390 2745 546 2787 Jerem.
577 2745 624 2796 L,
656 2744 723 2789 26.
844 2745 887 2803 7)
916 2747 1072 2791 Jerem.
1102 2747 1148 2797 L,
1179 2744 1248 2789 26.

198 2813 242 2870 8)
271 2813 428 2859 Jerem.
458 2814 505 2866 L,
539 2813 606 2858 26.

87 2887 306 2932 Omossms
337 2889 506 2934 opem.
539 2890 658 2933 Tom.
681 2889 776 2932 XV.
1200 2888 1256 2936 26
