1763 3112
662 95 708 122 m
735 82 986 136 JEREMJAM.
1451 77 1534 121 423

580 273 849 332 Κεφάλαιον
885 276 1051 331 τρίτον.

221 389 346 441 ,,Καὶ
366 386 404 441 ¹)
424 382 544 440 εἶπα,
562 384 674 440 μετὰ
692 383 741 428 τὸ
765 387 1017 443 πορνεῦσαι
1037 382 1179 438 αὐτὴν
1197 386 1334 427 ταῦτα
1351 381 1518 425 πάντα·

105 461 219 522 πρὸς
256 463 315 518 μὲ
353 460 659 520 ἀνάστρεψον.
727 463 821 503 Καὶ
869 460 950 504 οὐκ
998 461 1270 517 ἀνέστρεψε·
1310 462 1388 503 καὶ
1430 455 1522 502 εἶδε

105 537 186 594 τὴν
217 538 496 583 ἁσυνθεσίαν
536 538 672 591 αὐτῆς
701 536 726 592 ἡ
762 535 1011 586 ιέσύνθετος
1035 536 1234 582 Ἰούδα.“
1289 537 1395 580 Ἐπὶ
1424 537 1522 579 πᾶν

106 612 210 674 ὅρος
242 619 417 671 ψεκτῶς
452 615 766 670 ἀναβαίνουσι,
797 617 874 658 καὶ
904 618 949 659 οἱ
977 613 1058 670 τὴν
1086 613 1408 671 ὑπερηφανίαν
1438 629 1518 656 νο-

103 695 301 747 σοῦντες,
337 696 413 735 καὶ
443 697 648 749 γίνονται
681 691 772 736 ὑπὸ
805 691 974 741 παντὸς
1004 690 1139 742 ξύλου
1170 689 1424 744 ἀλσώδους,
1466 689 1518 732 οὐ

101 774 346 825 καρπίμου.
402 767 478 818 Ἐξ
509 767 729 827 ἀκάρπων
770 768 858 829 γὰρ
897 767 950 812 w}
993 765 1106 824 α’λση
1146 770 1375 827 δένδρων,
1415 770 1517 825 τέρ-

103 855 225 901 ψεως
249 844 390 905 χάριν
420 850 765 903 φυτευομένων,
808 842 872 895 οἷς
909 847 1084 889 ἐοίκασι
1124 848 1214 889 τῶν
1244 843 1520 902 ἑτεροδόξων

100 925 145 966 οἱ
163 920 307 979 λόγοι,
339 920 501 972 κάλλος
519 924 698 979 ἔχοντες
722 920 1036 977 πιθανότητος,
1071 921 1123 964 οὐ
1142 924 1231 965 τῶν
1255 918 1517 964 ἀκουόντων

97 998 404 1057 ἐπιστροφὴν,
449 996 513 1049 οἷς
545 998 566 1043 ὁ
599 999 784 1049 ἐπιδούς
817 999 1000 1053 ἑαυτὸν,
1034 997 1247 1043 ὑποκάτω
1279 995 1514 1056 πορεύεται

96 1074 267 1124 παντὸς
297 1073 431 1125 ξύλου
464 1073 723 1125 τἰλσώδους·
767 1076 821 1120 δι’
876 1068 929 1120 οῦ
967 1078 1109 1130 δῆλον
1149 1074 1172 1119 ὅ
1205 1091 1346 1134 φησιν
1378 1073 1400 1118 ὁ
1434 1090 1514 1118 νο-

95 1157 313 1211 μοθέτης·
346 1151 433 1207 ,,οὐ
449 1152 492 1207 ²)
539 1149 778 1210 φυτεύσεις
813 1155 910 1196 πᾶν
948 1151 1084 1202 ξύλον
1121 1151 1210 1196 ὑπὸ
1251 1151 1300 1196 τό
1346 1159 1511 1195 θυσια-

97 1226 283 1290 στήριον
311 1233 469 1288 κυρίου
499 1232 578 1272 τοῦ
609 1232 722 1272 θεοῦ
753 1244 859 1283 σου,
911 1233 988 1272 καὶ
1028 1230 1080 1273 οὐ
1119 1227 1323 1285 ποιήσεις
1363 1227 1512 1277 ι’ἕλσος.

213 1306 365 1361 Τοῦ3)
407 1304 562 1348 αὐτοῦ.
631 1302 771 1355 Αὔξει
807 1305 890 1361 τὴν
933 1312 1210 1365 κατηγορίαν
1256 1310 1331 1360 τῆς
1366 1305 1514 1349 ’Ῑούδα

97 1386 257 1441 φυλῆς,
291 1380 358 1427 ὅτι
386 1383 504 1440 μηδὲ
536 1387 631 1431 ταῖς
660 1385 740 1425 τοῦ
768 1382 947 1441 Ἰσραὴλ
969 1390 1229 1441 συμφοραῖς
1243 1381 1510 1438 ἐπαιδεύθη,

96 1459 144 1504 τὸ
196 1460 248 1503 δὲ
294 1463 385 1503 τῶν
424 1457 877 1516 εἷδωλολατρούντων
922 1459 1203 1515 ἀναίσθητον
1249 1462 1508 1519 ἐμφαίνων,

94 1535 203 1587 ξύλα
233 1540 309 1580 καὶ
339 1540 497 1585 λίθους
540 1538 671 1581 καλεῖ
705 1535 759 1579 τὰ
799 1538 988 1592 εἴδωλα,
1043 1536 1278 1594 σκοπήσας
1320 1538 1423 1588 τοὺς
1461 1540 1512 1582 ἐν

91 1613 245 1664 αὐτοῖς
281 1611 632 1672 ἕμφωλεύοντας
669 1614 905 1670 δαίμονας.
962 1621 1060 1658 Καί
1095 1632 1164 1659 τοι
1199 1618 1378 1673 μᾶλλον
1408 1617 1512 1659 ἐπι-

91 1696 304 1750 στρέφειν
333 1692 470 1748 ἕχρῆν
512 1689 592 1732 τὸν
625 1687 818 1746 Ἰούδαν,
851 1688 1005 1749 ὥσπερ
1033 1693 1394 1737 ἐπεισελθοῦσαν
1421 1711 1512 1751 γυ-

93 1774 227 1812 ναῖκα
259 1766 339 1823 τὴν
368 1765 445 1811 διὰ
475 1771 697 1824 πορνείαν
730 1769 1084 1825 ἐκβεβλημένην·
1124 1773 1280 1825 μεῖζον
1306 1769 1397 1829 γὰρ
1427 1771 1507 1827 ἔγ-

90 1849 238 1902 κλημα
267 1847 343 1900 τῆς
371 1845 554 1900 ἐκείνης,
588 1848 628 1889 εἰ
654 1850 845 1904 μιμοῖτο
886 1849 1119 1904 πορνείαν.
1192 1846 1387 1904 Τοιαύτη
1417 1853 1509 1893 τῶν

87 1923 321 1966 Ἰουδαίων
361 1920 386 1976 ἡ
428 1927 655 1977 κατοικία,
709 1924 817 1966 δέον
857 1923 1147 1983 ἐπιστρέφειν
1186 1926 1234 1975 ἐξ
1273 1925 1504 1984 ἀληθείας,

90 1998 116 2054 ἡ
148 2000 199 2043 δὲ
229 2001 410 2055 ψευδῶς
440 1998 746 2044 ὑπεπλάττετο
785 1998 865 2043 τὸν
891 1999 1004 2044 θεὸν
1032 2005 1209 2058 τιμῶσα
1239 2008 1331 2051 τοῖς
1353 2007 1508 2059 χείλε-

89 2088 187 2120 σιν·
221 2072 279 2130 ἣν
309 2074 568 2121 ἀσύνθετον
597 2080 737 2133 καλεῖ,
769 2076 828 2126 (ὃς
860 2075 938 2126 τὰς
966 2077 1081 2133 πρὸς
1103 2077 1217 2123 θεὸν
1230 2084 1508 2137 παραβᾶσαν

88 2150 334 2207 συνθήκας.
409 2157 505 2195 Καί
545 2170 612 2197 τοι
655 2152 958 2199 παιδεύεσθαι
996 2158 1176 2212 μᾶλλον
1219 2158 1379 2215 ἐχρῆν,
1426 2159 1506 2202 τὸν

90 2228 206 2275 ναὸν
235 2231 416 2286 ἔχουσα,
447 2233 525 2274 καὶ
554 2229 609 2274 τὰ
638 2232 690 2276 ἓν
719 2231 840 2288 αὐτῷ
867 2231 979 2275 κατὰ
1001 2232 1146 2288 νόμον
1162 2233 1502 2291 ἐπιτελούμενα.

91 2305 244 2356 Οὕτως
272 2309 350 2350 καὶ
378 2305 492 2364 ἡμῖν
519 2307 746 2353 κινδύνων
777 2307 799 2353 ὁ
827 2313 1062 2366 μέγιστος,
1107 2311 1189 2355 ἐὰν
1228 2310 1505 2370 ἁμαρτάνω-

90 2400 178 2441 μεν
206 2382 321 2441 μετὰ
352 2382 436 2438 τὴν
466 2389 666 2443 Χριστοῦ
695 2390 967 2444 παρουσίαν,
1000 2390 1077 2430 καὶ
1105 2387 1327 2447 λύτρωσιν
1348 2390 1503 2451 ἁμαρ-

90 2464 222 2516 τιῶν,
265 2464 342 2504 καὶ
377 2464 565 2519 μέθεξιν
593 2460 729 2520 ἁγίου
757 2462 1038 2521 πνεύματος,
1083 2468 1159 2508 καὶ
1197 2466 1393 2523 μάλιστα
1424 2468 1505 2524 τὴν

89 2538 324 2583 Ἰουδαίων
363 2536 552 2598 ὁρῶντες
589 2539 843 2597 ἀποβολήν·
884 2545 924 2587 εἰ
959 2541 1054 2600 γὰρ
1093 2546 1181 2588 τῶν
1219 2544 1331 2589 κατὰ
1362 2545 1505 2604 φύσιν

216 2741 256 2796 ¹)
284 2739 441 2782 Jerem.
474 2741 553 2791 Ill,
584 2741 621 2783 7.
744 2743 786 2799 z)
821 2745 907 2787 Cfr.
938 2746 1066 2787 Deut.
1099 2747 1214 2798 XVI,
1244 2748 1308 2792 21.

212 2810 256 2865 ³)
289 2809 375 2852 Cfr.
404 2809 561 2854 Jerem.
594 2812 673 2863 ΙΙΙ,
705 2812 744 2854 7,
