1763 3112
264 88 348 134 340
688 85 910 126 Oamtms
941 96 985 125 m
1015 83 1257 125 Jssmzmmm

272 202 361 243 Καὶ
392 202 523 256 μέχρι
556 199 641 239 νῦν
672 195 763 239 ὑπὸ
792 192 1069 254 παρανόμου
1101 194 1337 251 ἀρχιερέως
1377 189 1517 250 λόγου
1549 210 1685 253 προςν

269 275 540 333 τασσόμενοι
579 275 835 329 Ἐβιωναῖοι
875 271 1090 316 τύπτουσι
1134 270 1214 314 τὸν
1253 268 1511 313 ἀπόστολον
1544 271 1686 325 Ἰησοῦ

272 358 472 414 Χριστοῦ
522 350 674 408 λόγοις
717 349 989 407 δυσφήμοις.
1065 351 1156 391 Καὶ
1194 345 1375 396 Παῦλός
1419 360 1532 405 φησι
1576 347 1691 404 πρὸς

270 432 350 478 τὸν
379 433 585 476 τοιοῦτον
616 425 756 483 λόγον
787 426 1053 485 ἀρχιερέαῑ)
1086 422 1162 468 τό·
1191 425 1463 480 ,,τὺπτειν’ὶ)
1496 438 1545 468 σε
1578 428 1691 480 μέλ-

271 514 331 555 λει
367 508 389 553 ὁ
422 505 576 555 θεός.“
635 508 728 546 Καὶ
767 505 890 546 ἔστιν
931 502 953 546 ὁ
995 506 1198 551 τοιοῦτος
1235 500 1464 562 ἀρχιερεὺς
1502 502 1548 551 ἐξ
1590 503 1691 545 ἐπι-

272 591 416 641 πολῆς
447 584 633 644 ὡραῖος,
666 584 743 624 καὶ
771 586 921 636 τοῖχος
950 583 1315 637 κεκονιασμένος,
1334 582 1378 637 3)
1409 581 1583 624 ἔσωθεν
1611 583 1691 637 γέ-

273 681 376 725 μων
419 663 590 706 ὀστέων
629 661 823 717 νεκρῶν,
873 660 949 700 καὶ
990 656 1138 713 πάσης
1175 657 1471 716 ἀκαθαρσίας.
1547 663 1607 700 Τί
1643 658 1693 701 δὲ

276 746 389 799 λέγω
428 742 532 797 περὶ
572 734 760 778 ΙῙιιίλου
799 737 875 777 καὶ
903 732 1143 791 Ἱερεμίου,·
1188 733 1336 784 Αὐτός
1366 752 1458 791 μου
1490 733 1512 777 ὁ
1546 733 1697 795 κύριος

272 820 441 872 Ἰησοῦς
481 812 677 872 Χριστός
717 825 855 871 ([ησι·
898 810 1066 868 ,,τόν*)
1115 809 1261 856 νῶτόν
1309 828 1400 867 μου
1441 813 1589 856 ἔδωκα
1639 814 1699 859 εἰς

283 893 530 954 μάστιγας,
563 890 641 940 τὰς
671 892 721 934 δὲ
753 887 971 946 σιαγόνας
1010 907 1102 946 μου
1139 894 1200 939 εἰς
1237 891 1525 948 ῥαπίσματα,
1568 887 1617 932 τὸ
1650 889 1701 932 δὲ
1754 889 1763 939 ιῖ

282 968 536 1030 πρόσωπόν
577 986 668 1024 μου
709 967 792 1012 οὐκ
834 967 1099 1023 ἀπέστρεψα
1140 965 1231 1010 ἀπὸ
1275 964 1490 1025 αἰσχύνης
1529 968 1702 1025 ἐμπτυ-

495 1049 524 1070 “
591 1048 745 1088 Ταῦτα
778 1047 821 1088 οἱ
851 1045 1054 1103 ἀκέραιοι
1085 1049 1237 1087 ἴσασιν
1268 1046 1343 1087 ἐπὶ
1374 1043 1453 1087 τὸν
1483 1041 1582 1088 τότε
1610 1042 1701 1100 μό-

282 1048 486 1106 σμιὶτων.

281 1143 363 1172 νον
393 1124 566 1182 καιρὸν,
601 1121 673 1167 ὅτε
705 1124 1017 1179 ἐμαστίγωσεν
1037 1119 1446 1176 ιιῦτὸνὸΠιλάτος,
1482 1119 1551 1165 ὅτε
1570 1123 1703 1175 ἐβου-

281 1203 499 1248 λεύσαντο
531 1199 621 1244 κατ’
657 1199 795 1243 αὐτοῦ
824 1199 1054 1243 Ἰουδαῖοι.
1096 1199 1213 1256 Ἐγώ
1247 1200 1296 1243 δὲ
1320 1202 1477 1254 ’βλέπω
1509 1197 1589 1242 τὸν
1616 1199 1703 1254 Ἰη-

282 1283 398 1326 σοῦν
426 1277 527 1323 καθ’
563 1275 742 1335 ἡμέραν
774 1275 962 1319 διδόντα
993 1274 1073 1318 τὸν
1103 1279 1249 1318 νῶτον
1280 1275 1417 1320 αὐτοῦ
1453 1279 1514 1324 εἰς
1534 1274 1703 1332 μάστι-

283 1375 381 1417 γας.
445 1359 640 1399 Εἴσελθε
679 1358 740 1403 εἰς
779 1352 857 1403 τὰς
895 1355 985 1397 τῶν
1022 1351 1260 1395 Ἰουδαίων
1290 1350 1583 1408 συναγωγὰς,
1626 1356 1703 1396 καὶ

288 1437 356 1480 ἴδε
385 1433 466 1478 τὸν
491 1433 668 1489 Ἰησοῦν
707 1429 778 1475 ὑπ’
819 1430 970 1474 αὐτῶν
1007 1433 1057 1489 τῇ
1097 1427 1280 1489 γλώσσῃ
1309 1432 1387 1482 τῆς
1413 1432 1707 1487 βλασφημίας

285 1509 675 1573 μαστιγούμενον.
709 1505 802 1553 Ἴδε
823 1506 927 1558 τοὺς
949 1507 1040 1551 ἀπὸ
1060 1509 1151 1550 τῶν
1170 1507 1324 1551 ἐθνῶν
1347 1512 1703 1564 συναγομένους,

288 1593 650 1646 βουλευομένους
664 1585 779 1631 κατὰ
794 1587 1098 1645 Χριστιανῶν,
1116 1588 1217 1628 τίνα
1231 1583 1404 1643 τρόπον
1421 1584 1708 1641 λαμβάνουσι

287 1666 369 1713 τὸν
395 1667 588 1722 Ἰησοῦν.
646 1664 872 1713 Κάκεῖνος
908 1662 989 1707 τὸν
1027 1662 1187 1706 ἑαυτοῦ
1227 1666 1375 1707 νῶτον
1420 1664 1611 1708 δίδωσιν
1648 1668 1710 1715 εἰς

290 1742 529 1800 μάστιγας.
598 1739 824 1785 Κατανόει
861 1737 1158 1800 ὑβριζόμενον
1194 1739 1275 1784 τὸν
1312 1743 1392 1785 τοῦ
1427 1744 1538 1786 θεοῦ
1568 1740 1710 1800 λόγον

292 1816 709 1877 κακολογούμενον,
741 1814 1027 1875 μισούμενον
1057 1816 1148 1861 ὑπὸ
1180 1820 1271 1861 τῶν
1301 1817 1521 1863 ἀπίστων.
1580 1817 1708 1881 Ὅρα,

292 1897 354 1942 ὅτι
389 1896 466 1947 τὰς
497 1894 716 1953 σιαγόνας
752 1894 921 1937 ἔδωκεν
960 1896 1021 1941 εἰς
1059 1895 1350 1953 ῥαπίσματα·
1391 1899 1467 1938 καὶ
1504 1895 1707 1953 διδάξας,

292 1975 359 2020 ὅτι
399 1973 480 2019 ἐὰν
519 1971 717 2033 τὺπτῃδ)
757 1976 821 2020 τίς
860 1985 908 2015 σε
948 1974 1010 2019 εἷς
1043 1969 1125 2024 τὴν
1157 1970 1365 2028 σιαγόνα,
1401 1977 1602 2030 στρέψον
1634 1978 1710 2018 καὶ

292 2053 373 2110 τὴν
400 2050 563 2107 ἄλλην,
608 2048 742 2099 αὐτὸς
780 2046 889 2092 αὐτὸ
927 2053 1061 2092 ποιεῖ.
1135 2052 1358 2093 Τοσοῦτοι
1400 2049 1540 2095 αὐτὸν
1569 2054 1711 2111 ῥαπί-

292 2137 430 2186 ζουσι,
463 2134 538 2173 καὶ
568 2130 860 2187 μαστιγοῦσι,
892 2129 970 2169 καὶ
1000 2128 1167 2182 σιωπᾷ,
1201 2127 1277 2169 καὶ
1308 2125 1360 2169 οὐ
1392 2130 1531 2172 λαλεῖ.
1575 2128 1709 2173 Ἀνα-

293 2213 545 2267 γέγραπται
588 2204 679 2264 γὰρ
717 2202 778 2261 μή
821 2206 972 2248 λαλῶν
1010 2203 1060 2247 ἓν
1097 2205 1158 2260 τῷ
1196 2206 1550 2261 μαστιγοῦσθαι.
1616 2210 1709 2249 Καὶ

293 2284 343 2329 τὸ
374 2282 626 2343 πρόσωπον
654 2285 790 2341 μέχρι
818 2283 896 2325 τοῦ
937 2281 1071 2338 δεῦρο
1098 2279 1270 2335 Ἰησοῦς
1310 2280 1392 2324 οὐκ
1421 2281 1711 2341 ἀπέστρεψεν

294 2359 386 2405 ἀπὸ
428 2358 644 2418 αἰσχύνης
682 2355 1036 2418 ἓμπτυσμάτων.
1109 2362 1188 2407 Τίς
1224 2360 1317 2403 τῶν
1353 2357 1712 2412 ἓξευτελιζόντων

415 2562 452 2616 ¹)
482 2560 537 2601 H.
575 2560 617 2599 in
653 2571 793 2600 textu:
833 2560 1141 2618 ,,ἆρχιερέως,“
1180 2564 1233 2603 ad
1273 2562 1524 2616 marginem:
1570 2562 1706 2614 ‚,C0d.

293 2618 538 2659 Vaticanus:
563 2615 816 2673 ἄρχιερέα.“
939 2620 982 2674 ²)
1012 2621 1106 2661 Act.
1137 2619 1302 2669 XXIII,
1333 2619 1372 2663 3.

408 2689 452 2744 3)
481 2687 538 2730 Η.
564 2686 616 2726 ad
636 2686 888 2738 marginem:
921 2689 1054 2738 ,‚Cod.
1072 2689 1313 2731 Vaticanus:
1348 2691 1706 2745 κεκονιαμένοςῦ*

407 2757 449 2813 ⁴)
478 2756 602 2798 Jesai.
630 2757 678 2807 L,
707 2755 746 2799 6.

409 2828 451 2882 ⁵)
481 2826 566 2868 Cfr.
596 2827 695 2867 Luc.
726 2828 800 2877 VI,
829 2827 895 2870 29.
