1734 3112
673 115 814 155 mez
846 116 907 155 ΙΙΙ
917 147 923 155 .
1454 113 1508 156 45

87 241 126 271 et
156 230 198 270 in
230 231 450 272 eminentia
490 229 590 270 fidei
619 229 805 285 positus,
849 226 1012 269 salienti
1051 226 1093 267 in
1131 225 1343 267 montibus
1377 228 1504 268 verbo

88 307 185 359 Dei,
216 320 256 349 et
286 307 490 350 exsilienti
520 307 563 348 in
595 307 774 349 collibus
806 322 973 363 semper
991 304 1232 346 adhaerens.
1277 303 1406 358 Quod
1431 321 1507 360 per

87 386 211 427 aliam
239 385 512 427 nihilominus
538 386 796 443 parabolam,
828 385 904 426 sub
930 384 1081 425 eodem
1105 395 1244 424 tamen
1274 380 1507 432 intellectu,

90 463 242 505 dicitur
270 463 314 504 in
345 464 583 517 evangelio:
616 463 676 515 „si
697 465 733 520 ¹)
766 464 856 520 quis
886 462 927 503 in
959 474 1072 503 tecto
1107 473 1190 513 est,
1221 477 1305 502 non
1337 461 1507 502 descen„

90 542 160 582 dat
188 541 338 583 tollere
369 542 529 599 aliquid
561 543 612 585 de
645 543 818 584 dom0.“
872 542 1019 583 Potest
1049 541 1183 582 adhuc
1216 551 1255 581 et
1285 538 1415 580 alium
1433 555 1508 580 no⁴

86 619 150 660 bis
179 636 346 662 sensum
375 621 594 677 praedives
626 621 702 662 iste
733 620 961 678 praesentis
1006 619 1200 661 versiculi
1239 635 1377 660 sermo
1417 634 1508 671 suga

86 713 242 750 gerere.
308 698 517 740 Possibile
555 715 736 755 namque
778 699 874 756 et2)
915 715 1108 751 omnem,
1151 698 1224 755 qui
1262 698 1387 754 plena
1425 696 1508 754 fide

89 775 224 817 credit
253 776 295 817 in
324 777 490 827 Deum,
530 778 598 819 vel
628 789 838 827 montem,
877 778 945 818 vel
978 778 1134 819 collem
1164 777 1394 834 appellari,
1427 792 1506 832 pro

85 854 285 911 qualitate
315 855 478 898 scilicet
500 855 606 897 vitae
628 868 669 898 et
686 854 970 909 magnitudine
992 855 1317 909 intelligentiae:
1349 854 1510 896 etiamsi

88 932 216 974 fuerit
254 932 479 990 aliquando
520 933 661 984 vallis,
705 933 954 990 proficiente
986 934 1028 975 in
1061 950 1110 976 eo
1140 935 1242 976 Jesu
1272 945 1428 983 aetate,
1469 945 1508 973 et

87 1010 300 1066 sapientia,
332 1024 373 1052 et
402 1011 555 1065 gratia,
586 1011 722 1053 omnis
753 1011 872 1053 vallis
902 1010 1166 1067 implebitur.
1224 1010 1409 1068 Superbi
1440 1027 1511 1051 au·

88 1099 174 1129 tem
214 1089 368 1146 quique
398 1102 440 1132 et
471 1089 570 1131 elati
600 1102 647 1131 ut
677 1102 842 1132 montes
879 1102 920 1131 et
959 1090 1114 1141 colles,
1154 1088 1508 1131 humiliabuntur:

88 1167 288 1222 quoniam
317 1167 482 1225 ‚,qui³)
514 1185 556 1210 se
591 1168 754 1219 exaltat,
785 1167 1095 1218 humiliabitur,
1128 1179 1169 1209 et
1200 1166 1272 1224 qui
1301 1183 1343 1208 se
1374 1165 1510 1207 humi-

87 1244 181 1296 liat,
215 1245 512 1288 exaltabitur.“
570 1247 637 1288 De
670 1246 770 1303 ipsis
810 1247 920 1289 enim
962 1246 1135 1288 dicitur:
1179 1245 1347 1302 „qui⁴)
1380 1243 1508 1285 confi-

86 1322 191 1364 dunt
223 1324 267 1365 in
294 1324 485 1366 Domino
527 1325 634 1367 sicut
670 1341 791 1366 mons
822 1325 986 1367 Sion:“
1043 1324 1140 1379 et⁵)
1171 1322 1508 1373 „Hierusalem“

86 1400 259 1443 dicitur:
306 1414 504 1453 „montes
551 1402 594 1443 in
635 1402 812 1443 circuitu
851 1401 988 1459 ejus.“
1054 1401 1179 1441 Unde
1216 1411 1347 1455 puto,
1393 1398 1507 1454 quod

86 1477 238 1518 merito
270 1478 394 1519 etiam
433 1480 615 1520 salvator
651 1491 816 1529 noster,
868 1478 1068 1535 quoniam
1100 1489 1141 1519 et
1170 1476 1260 1533 ipse
1293 1475 1508 1531 diciturfi)

88 1554 192 1610 lapis
232 1555 282 1596 de
322 1561 466 1598 monte
517 1556 674 1598 excisus
714 1557 801 1598 sine
852 1557 1064 1606 manibus,
1112 1568 1152 1597 et
1188 1556 1322 1596 factus
1361 1569 1447 1595 esse
1465 1552 1508 1608 ⁷)

86 1648 207 1674 mons
247 1649 437 1687 magnus,
475 1633 581 1676 sicut
619 1652 690 1676 rex
729 1651 894 1687 regum,
940 1646 979 1675 et
1017 1632 1271 1690 pontificum
1302 1630 1509 1688 pontifex,

87 1722 228 1766 potest
267 1711 391 1752 etiam
426 1727 547 1753 mons
587 1712 798 1753 montium
829 1710 1046 1767 appellari.
1107 1710 1267 1751 Verum
1305 1720 1353 1750 ut
1383 1707 1509 1750 etiam

87 1788 208 1829 tertia
239 1789 445 1845 expositio
476 1790 627 1831 habeat
668 1790 836 1841 locum,
876 1790 928 1830 ad
958 1804 1297 1845 unamquamque
1328 1786 1509 1828 animam

86 1881 224 1907 sermo
256 1865 467 1920 dirigatur.
526 1866 572 1909 Si
603 1867 674 1924 qui
706 1867 788 1909 sint
818 1866 1055 1924 capaciores
1087 1865 1205 1908 verbi
1224 1865 1323 1915 Dei,
1355 1864 1427 1921 qui
1457 1864 1508 1905 ab

89 1943 190 1984 Jesu
228 1960 378 2001 aquam
414 1943 494 1986 sihi
539 1945 677 1986 datam
714 1945 934 1997 biberunt,
980 1957 1021 1986 et
1050 1944 1208 2000 haecss)
1238 1944 1347 1986 {acta
1377 1953 1437 1984 est
1466 1941 1509 1982 in

89 2020 139 2062 iis
175 2022 270 2063 fons
301 2038 431 2079 aquae
464 2021 601 2073 vivae,
640 2022 824 2065 salientis
864 2023 906 2064 in
938 2022 1065 2063 vitam
1095 2033 1327 2072 aeternam,
1372 2019 1416 2061 in
1447 2019 1509 2060 his

89 2098 270 2150 scilicet,
313 2099 357 2141 in
387 2099 538 2157 quibus
570 2101 741 2142 verbum
774 2100 860 2142 Dei
891 2099 1046 2141 crebris
1075 2098 1262 2140 sensibus
1293 2109 1334 2139 et
1365 2096 1510 2153 copio-

92 2175 168 2227 sis,
210 2177 325 2218 velut
364 2178 618 2234 perennibus
659 2178 810 2219 ebullit
850 2177 1016 2218 fluentis
1032 2178 1097 2234 ⁹):
1146 2177 1189 2218 in
1229 2176 1293 2217 his
1323 2175 1431 2216 vitae
1462 2189 1509 2214 ac

92 2252 284 2296 scientiae
325 2266 366 2295 et
402 2255 616 2298 doctrinae
654 2255 807 2298 merito
845 2256 1060 2297 montibus
1101 2266 1142 2297 et
1185 2252 1365 2295 collibus
1406 2250 1509 2292 effe-

93 2378 195 2386 Q

212 2464 251 2521 ¹)
280 2462 429 2507 Matth.
458 2465 623 2518 XXIV,
656 2467 721 2511 17.
840 2468 883 2524 2)
915 2465 1024 2509 Edd.
1057 2467 1117 2510 M.
1148 2473 1298 2518 ,‚est.“

207 2535 250 2590 ³)
279 2535 380 2576 Luc.
410 2533 578 2589 XVIII,
609 2538 673 2582 14.
794 2539 835 2594 ⁴)
867 2537 1020 2580 Psalm.
1052 2537 1235 2589 CXXV,
1268 2537 1304 2581 1.

208 2605 250 2659 ⁵)
280 2604 389 2647 Edd.
420 2606 481 2648 M.
515 2619 594 2657 „et
623 2609 675 2649 de
706 2608 1006 2651 Hierusalem“
1038 2621 1115 2650 etc.
1151 2632 1200 2638 —-
1234 2607 1320 2650 Cfr.
1353 2604 1503 2645 Psalm.

93 2661 271 2713 CXXV,
306 2661 346 2705 2.

207 2733 250 2788 ὓ)
284 2732 370 2774 Cfr.
401 2732 510 2773 Dan.
539 2733 606 2784 II,
636 2734 702 2778 34.
824 2738 864 2794 ⁷)
896 2737 1004 2780 Edd.
1036 2737 1094 2779 M.
1127 2741 1274 2788 „est.“

207 2805 250 2860 8)
282 2804 412 2844 Deest
442 2803 617 2853 „haec“
646 2804 689 2845 in
720 2806 814 2848 edd.
846 2808 904 2851 M.

208 2873 251 2928 ⁹)
280 2871 388 2915 Edd.
421 2874 480 2916 Μ.
512 2874 819 2926 ‚,fluentibus.“
