1734 3112
219 90 275 134 58
513 91 733 134 Omozms
763 105 806 134 m
839 90 1022 134 CAN-ric.
1059 91 1365 133 mxi-iconum

221 208 262 249 in
304 207 454 264 quibus
493 217 534 248 et
569 204 674 247 fides
704 205 790 247 Dei
826 203 1104 262 perficitur¹)
1146 215 1186 245 et
1228 204 1561 260 contemplatur,
1605 216 1643 245 et

221 300 400 341 operum
427 283 637 341 perfectio
670 282 881 339 dicitur2)
914 295 954 324 et
985 282 1254 339 adimpletur.

331 361 550 418 ‚,Ecce³),
580 360 646 402 bic
677 360 793 402 stetit
822 372 919 417 post
938 359 1145 417 parietem
1161 372 1367 411 nostrum,
1398 359 1644 401 incumbens

219 456 346 498 super
374 440 597 489 fenestras,
639 438 902 496 prospiciens
940 454 1018 494 per
1047 437 1162 480 retia.
1221 439 1469 495 Respondet
1499 439 1647 480 frater-

218 535 295 560 nus
332 534 475 568 meus,
521 528 562 559 et
602 516 705 558 dicit
738 516 893 558 mihi.“
953 515 1062 558 Cum
1104 514 1324 558 considero
1360 516 1644 566 difficultates,

218 595 492 649 investigandi
523 610 664 636 sensus
704 594 747 635 in
777 594 862 645 his,
901 593 973 650 qui
1002 593 1214 650 propositi
1244 605 1359 644 sunt,
1401 594 1644 651 Scripturae

217 674 503 724 sermonibus,
546 671 684 714 simile
714 688 783 712 me
814 670 975 728 aliquid
1005 671 1092 727 pati
1124 671 1250 712 video
1266 671 1308 727 ⁴²)
1340 671 1460 723 huic,
1492 672 1562 729 qui
1593 672 1643 713 ad

218 752 551 806 investigandum
582 749 850 791 venationem
893 748 1140 790 odoratibus
1170 749 1325 802 sagacis
1356 750 1466 792 canis
1495 726 1657 807 proce-⁹

217 831 300 873 dit:
350 830 423 871 ubi
464 828 678 870 interdum
716 827 846 868 moris
886 839 967 876 est,
1013 838 1061 867 ut
1103 843 1199 868 cum
1241 827 1422 880 vestigiis
1461 827 1646 869 intentus

215 908 459 966 proximum
501 923 544 948 se
583 916 757 947 venator
805 904 1029 947 latentibus
1069 905 1271 946 effectum
1307 905 1519 962 putaverit
1558 921 1645 947 esse

219 987 442 1036 cubilibus,
473 984 613 1027 subito
645 983 921 1037 vestigiorum
951 983 1222 1040 deseratur-⁵)
1253 982 1443 1034 indiciis,
1486 994 1528 1024 et
1555 999 1646 1024 rur·

217 1082 309 1108 sum
338 1063 457 1106 fixius
488 1062 700 1119 impressis
732 1060 978 1102 odoratibus
1010 1061 1190 1111 easdem,
1223 1077 1323 1117 quas
1349 1060 1644 1117 explicaverat,

218 1155 447 1185 retrorsum
480 1141 625 1183 redeat
657 1139 762 1190 vias,
811 1140 946 1180 donec
984 1138 1170 1181 inveniat
1200 1139 1365 1190 locum,
1411 1138 1453 1179 in
1485 1155 1570 1196 quo
1601 1155 1644 1180 sc

218 1221 340 1263 altius
386 1219 596 1262 excutiens
648 1217 814 1259 venatio
863 1218 1042 1259 latenter
1093 1219 1146 1259 ad
1192 1218 1317 1259 aliam
1368 1216 1641 1271 transtulit⁶)

219 1299 346 1341 viam:
388 1313 514 1354 quam
546 1313 642 1338 cum
672 1307 848 1337 venator
877 1295 1107 1347 invenerit,
1140 1295 1379 1353 alacrior⁷)
1410 1294 1645 1351 insequitur

214 1393 289 1433 spe
327 1376 508 1432 praedae
557 1375 735 1424 certior,
783 1386 822 1415 et
874 1372 1038 1425 vestigii
1077 1373 1276 1415 firmitate
1321 1372 1522 1414 securior.
1583 1373 1644 1413 Ita

216 1471 314 1507 ergo
347 1465 388 1495 et
417 1469 509 1503 nos,
539 1453 614 1494 ubi
642 1468 686 1493 se
704 1450 950 1508 propositae
977 1450 1281 1506 explanationis
1307 1451 1492 1506 quodam
1511 1451 1643 1492 modo

214 1534 475 1575 substraxere
507 1530 701 1583 vestigia,
741 1529 965 1586 paululum
996 1544 1164 1569 emensa
1192 1540 1454 1584 repetentes,
1486 1539 1526 1570 et
1555 1529 1646 1585 pla⁷

215 1612 393 1661 niorem,
425 1626 550 1666 quam
581 1609 743 1649 dudum
774 1607 1008 1658 videbatur,
1040 1605 1316 1663 expositionis
1336 1605 1531 1648 ordinem
1550 1622 1646 1663 per-

214 1700 455 1746 sequentes,
502 1702 738 1743 spcramus,
787 1685 903 1742 quod
933 1685 1145 1726 Dominus
1175 1685 1294 1726 Deus
1335 1696 1481 1726 noster
1507 1685 1644 1726 tradat

215 1767 260 1809 in
296 1782 444 1809 manus
481 1775 643 1806 nostras
682 1762 973 1812 venationem,
1023 1762 1205 1818 quam⁸)
1237 1774 1556 1820 praeparantes,
1601 1774 1642 1804 et

216 1828 448 1886 secun’dum
478 1841 693 1884 scientiam
724 1839 866 1881 matris
897 1839 1057 1881 Rachel
1092 1839 1308 1881 rationalis
1339 1841 1459 1883 verbi
1488 1840 1642 1883 salibus

217 1922 482 1970 condientes,
523 1909 843 1962 benedictiones
873 1933 1111 1959 mereamur
1151 1918 1353 1974 consequi
1383 1934 1404 1959 a
1434 1918 1642 1975 spirituali

215 2011 334 2056 patre
362 1998 510 2040 Jacob.
569 1998 752 2053 Propter
784 1996 900 2052 quod
931 1994 1211 2037 necessarium
1240 1995 1432 2046 videtur,
1462 2007 1509 2037 ut
1539 1996 1643 2037 dixi-

215 2094 330 2127 mus,
370 2075 556 2117 breviter
593 2074 705 2116 dicta
746 2086 960 2130 repetere,
1002 2071 1425 2130 explanationemque
1454 2074 1643 2131 priorem

215 2167 417 2206 retexere,
448 2165 516 2205 ut,
557 2152 628 2210 qui
665 2152 718 2193 sit
761 2151 946 2193 lucidior
975 2167 1138 2203 sensus,
1175 2151 1397 2208 aperiatur.
1459 2152 1642 2206 Intelligi

335 2331 376 2386 ¹)
409 2330 520 2371 Edd.
552 2329 612 2371 M.
643 2329 967 2385 ,‚pe1sp1c1u11“
1087 2327 1271 2383 ²)Edd.
1304 2329 1362 2370 Β’,Ι
1396 2328 1639 2379 „discitur.“

333 2401 377 2458 3)
411 2398 736 2450 Cantic.lI,9.
770 2399 836 2442 10.
870 2425 921 2432 -
952 2399 1058 2441 Edd.
1091 2400 1151 2441 M.
1188 2400 1464 2456 „Respondet
1492 2401 1639 2442 frater-

215 2475 294 2502 nus
322 2474 443 2501 meus
471 2457 589 2498 mihi.
651 2456 797 2498 Cum“
828 2468 905 2497 etc.

332 2529 376 2585 ⁴)
404 2528 516 2569 Edd.
546 2527 609 2569 Μ.
640 2526 839 2577 „videon
853 2532 878 2551 ‘⁶

332 2600 376 2655 ⁵)
405 2598 485 2641 Ed.
516 2598 567 2639 R.
600 2597 712 2638 sola:
754 2596 1027 2640 desideretur.

333 2669 377 2726 ⁵)
408 2669 518 2710 Edd.
547 2667 609 2709 Μ
640 2684 712 2718 „se
741 2668 1106 2726 transtu11t“⁷)
1136 2669 1245 2711 Edd.
1276 2668 1337 2711 Μ.
1366 2668 1609 2720 ‚,alacriore.
1615 2676 1640 2695 “

334 2740 378 2795 8)
407 2739 517 2780 Edd.
549 2739 610 2779 Μ.
650 2754 811 2804 „quam
848 2752 1125 2805 properantes
1163 2757 1300 2806 prope
1345 2740 1636 2783 amiseramus:

219 2808 260 2838 et
300 2796 530 2838 secundum
579 2818 630 2825 --
678 2795 940 2837 rationabilis
990 2797 1127 2838 verbis
1177 2797 1331 2838 talibus
1379 2797 1547 2840 condiat
1595 2797 1637 2839 in

217 2852 363 2895 nobis.
393 2864 440 2893 ut
470 2851 824 2894 benedictiones“
856 2864 932 2893 etc.
