1734 3112
210 58 291 103 104
545 57 704 98 Sssnms
726 55 926 99 PRocoP.
952 55 1300 99 Excnnpromm

214 190 289 229 γοι
321 171 371 216 δὲ
401 167 673 226 ἐκλήθησαν,
707 172 751 214 οἱ
778 167 832 214 tc}
865 166 1029 228 ἀρεστὰ
1068 170 1131 226 τῷ
1163 174 1352 229 νυμφίῳ
1379 173 1631 228 ποιοῦντες,
1676 209 1680 213 .

217 247 549 305 σκοπευτήριον
585 249 761 305 ἔχοντες
799 245 881 301 τὴν
919 245 1201 302 θεωρητικὴν
1239 247 1417 305 ψυχὴν,
1460 249 1510 292 ἐκ
1547 267 1634 306 με..

212 326 381 386 τεώρου
413 323 731 370 σκοπεύουσαν
761 322 957 368 ἅπαντα.
1016 322 1344 382 Ἐλεφάντινον
1377 327 1441 382 δὲ,
1474 326 1550 370 διὰ
1585 327 1635 372 τὸ

214 405 429 464 λαμπρὸν
468 406 544 447 καὶ
583 406 729 447 λεῖον·
773 401 909 446 οὐδὲν
949 400 1041 459 γὰρ
1082 401 1175 446 ἀπὸ
1217 408 1374 452 κακίας
1413 402 1554 462 τραχὺ
1585 405 1636 449 ἐν

214 487 275 542 τῷ
305 486 381 539 τῆς
411 481 595 540 νύμφης
624 478 846 538 τραχήλῳ.
918 479 1080 524 Οὐκέτι
1119 481 1170 524 δὲ
1207 484 1313 540 περὶ
1343 483 1433 525 τῶν
1464 485 1637 539 νεκρῶν

1128 557 1158 580 “
1188 556 1403 616 ὑπεράνω
1424 557 1515 619 γὰρ
1532 560 1638 617 ἐγε-

213 559 363 608 εἶπεν·
398 563 477 617 ,,οἱ
497 562 536 615 ¹)
570 555 817 615 νεμόμενοι
849 558 899 600 ἐν
918 561 1110 615 κρίνοις·

211 638 431 699 γόνεισαν
461 641 645 696 κρίνων,
679 638 768 679 τῶν
799 636 849 679 ἐν
877 638 1005 694 με’σῳ
1033 633 1271 679 ἀκανθῶν.
1333 634 1556 681 Βούλεται
1586 638 1637 681 δὲ

210 717 334 776 ἡμᾶς
372 719 448 761 καὶ
487 718 763 773 φιλομαθεῖς
802 710 935 763 ὄντας
973 715 1157 757 πολλῶν
1204 714 1326 770 ἔχειν
1364 711 1447 767 τὴν
1483 714 1640 772 ψυχὴν

209 800 440 856 θυγατέρα
470 796 646 852 σοφῶν,
679 795 754 836 καὶ
785 792 836 836 ἒν
867 795 1142 849 εἰσαγωγαῖς
1169 794 1388 849 γενέσθαι
1412 790 1641 850 μαθημά-

211 892 302 920 των
332 875 530 928 πολλῶν,
565 868 618 921 ἃς
644 868 828 916 ἐκάλεσε
853 867 1014 919 πύλας.
1069 872 1317 925 Τοσοῦτον,
1351 872 1480 928 φησὶ,
1511 868 1638 928 γνώ-

212 968 324 1002 σεως
354 958 447 1001 τοῖς
478 952 527 995 ἓν
559 953 632 993 σοὶ
656 946 951 997 διδασκάλοις
964 951 1165 1007 περίεστι
1179 946 1332 1007 χάρις,
1365 947 1424 999 ὠς
1452 947 1516 1006 μὴ
1545 946 1638 1007 μό-

212 1047 296 1077 νον
326 1028 428 1079 τούς
466 1026 591 1084 παρὰ
634 1028 708 1070 σοὶ
746 1023 998 1071 ἀπολαύειν
1040 1026 1191 1070 αὐτῶν
1231 1028 1305 1082 τῆς
1342 1024 1635 1083 παιδεύσεως,

213 1108 304 1153 ἀλλ’
340 1103 426 1163 ἤδη
458 1109 534 1150 καὶ
565 1107 609 1150 οἱ
638 1105 808 1154 ἔξωθεν
837 1106 914 1159 τῆς
943 1107 1021 1148 καὶ
1049 1102 1296 1165 πόρρωθεν
1332 1103 1484 1149 αὐτῶν
1515 1104 1638 1150 ἀπο-

209 1184 365 1231 λαύειν
402 1184 636 1243 ὠφελείας.

325 1259 558 1320 ,,Μυκτήρ
578 1261 627 1317 ²)
667 1275 750 1303 σου
788 1258 846 1309 ὡς
883 1257 1058 1317 πύργος
1081 1261 1161 1303 τοῦ
1192 1258 1455 1317 Λιβάνου.“
1510 1260 1558 1306 Ὀ
1588 1262 1638 1307 δὲ

211 1339 425 1397 καθαρὰν
460 1341 580 1396 ἔχων
617 1338 698 1394 τὴν
737 1337 990 1393 διαπνοὴν,
1041 1340 1117 1382 καὶ
1158 1337 1235 1382 διὰ
1275 1340 1352 1394 τῆς
1387 1337 1641 1395 αἰσθήσεως

210 1422 291 1464 τοῦ
322 1423 453 1463 θείου
483 1415 625 1474 λόγου
655 1412 912 1473 δυνάμενος
942 1414 1088 1459 ὀπίσω
1119 1415 1259 1460 αὐτοῦ
1285 1418 1346 1465 εἰς
1371 1414 1521 1472 ὀσμὴν
1543 1414 1638 1475 μύ-

213 1513 306 1556 ρων
343 1499 436 1540 τῶν
475 1494 615 1539 αὐτοῦ
658 1495 875 1555 δραμεῖν,
921 1492 1098 1553 μυκτήρ
1139 1493 1263 1538 ἔστιν
1303 1492 1640 1551 αἰσθανόμενος

211 1575 403 1624 εὐωδίας
432 1574 767 1630 πνευματικῆς·
811 1569 1135 1628 σκοπεύωνῧ),
1179 1576 1223 1617 εἴ
1256 1589 1297 1616 τι
1337 1571 1560 1631 ἐπιφανὲς
1588 1575 1640 1619 ἐν

212 1656 368 1698 ἔθνεσι
397 1651 554 1710 δόγμα
585 1652 726 1695 δοκεῖ.
785 1648 1113 1709 ,,Λαμασκὸς“
1144 1647 1235 1708 γαρ
1267 1648 1321 1695 tc}
1351 1651 1464 1707 ἔθνη
1494 1658 1636 1712 παρί-

212 1745 360 1787 στησι·
405 1732 484 1774 τοῦ
529 1729 579 1772 δὲ
617 1729 875 1785 ἐπιφανοῦς
915 1730 992 1771 καὶ
1034 1730 1176 1772 καλοῦ
1213 1727 1263 1773 τὸ
1314 1727 1638 1790 ,,πρὸσωπον“

211 1807 470 1867 σύμβολον·
506 1805 528 1852 ὁ
561 1807 613 1851 δὲ
641 1810 848 1862 Λίβανος
879 1804 1157 1865 ἀναφέρεται
1187 1807 1264 1850 ἐπὶ
1304 1806 1354 1851 τὸ
1385 1807 1635 1865 θυσιαστή-

213 1904 315 1946 ριον
343 1889 422 1931 τοῦ
452 1888 587 1931 θεοῦ.’
621 1882 669 1928 Ὀ
690 1885 741 1928 δὲ
770 1882 1050 1940 ,,Κάρμηλος
1065 1883 1146 1939 ⁴)“
1177 1885 1423 1940 ἐπίγνωσις
1451 1903 1636 1945 περι.το-

209 1970 298 2024 μῆς
327 1961 631 2025 ἑρμηνεύεται.
702 1959 921 2006 Γινώσκει
950 1962 1001 2005 δὲ
1032 1960 1284 2020 περιτομὴν
1315 1961 1337 2007 ὁ
1367 1962 1484 2018 μετὰ
1512 1970 1634 2025 παῤ..

208 2047 367 2105 ῥησίας
395 2046 544 2101 λέγειν
574 2039 857 2100 δυνάμενος·
888 2037 1111 2096 ,,ἦμεῖς5)
1144 2041 1283 2097 ἔσμεν
1311 2039 1338 2096 ἡ
1362 2040 1636 2102 περι,τομή.“

204 2121 315 2166 Ἀπὸ
346 2122 398 2166 δὲ
426 2124 503 2177 τῆς
533 2122 748 2179 κεφαλῆς,
779 2121 859 2164 τοῦ
893 2120 1116 2179 Χριστοῦ,
1149 2119 1395 2177 ἐπίγνωσις
1423 2135 1635 2181 πνευμα-

209 2202 331 2256 τικῆς
361 2197 557 2257 ἐγενήθη
586 2200 844 2258 περιτομῆς.

325 2276 476 2335 ,‚Tt⁶)
507 2274 758 2338 ώραιώθης,
792 2277 870 2319 καὶ
898 2279 943 2319 τί
968 2274 1220 2331 ἡδύνθης.“
1256 2271 1353 2320 ”Eu
1374 2275 1513 2321 ταῦτά
1538 2294 1632 2336 φη-

213 2372 287 2401 σιν
318 2355 340 2401 ὁ
374 2361 590 2416 νυμφίος,
624 2351 968 2412 ἀποθαυμάζων
998 2353 1135 2410 αὐτῆς
1178 2352 1258 2409 τὴν
1297 2355 1373 2398 ἐπὶ
1401 2353 1452 2400 τὸ
1483 2362 1633 2414 κρεῖτ-

211 2451 292 2479 τον
319 2432 592 2492 μεταβολήν.
638 2431 713 2483 Ὡς
742 2431 832 2492 γὰρ
862 2430 890 2487 ἡ
920 2434 1010 2476 τῶν
1040 2437 1277 2490 στοιχείων
1301 2432 1515 2492 εὐκρασία
1539 2448 1633 2479 σω-

210 2511 370 2570 μάτων
408 2511 570 2570 ὑγείαν
607 2512 810 2567 ἒμποιεῖ,
855 2507 994 2560 οὕτως
1033 2510 1084 2555 ἐκ
1120 2513 1212 2557 τῶν
1251 2509 1408 2570 ὁρμῶν
1445 2515 1522 2558 καὶ
1555 2513 1632 2558 ἕκ-

332 2680 373 2739 1)
405 2680 562 2724 Cantic.
593 2681 666 2732 IV,
695 2680 736 2725 5.
855 2680 899 2737 ²)
931 2680 1089 2724 Camic.
1122 2681 1217 2733 VII,
1246 2681 1286 2724 4.

324 2752 370 2809 ³)
403 2753 490 2794 Cfr.
521 2751 678 2794 Cantic.
711 2752 804 2802 VH,
837 2752 874 2795 4.
998 2750 1040 2808 ⁴)
1075 2751 1232 2794 Cantic.
1264 2754 1360 2804 VII,
1390 2753 1432 2797 5.

327 2822 370 2878 ⁵)
400 2821 586 2879 Philipp.
620 2823 697 2873 III,
727 2821 765 2867 3.
885 2822 927 2878 f’)
958 2821 1119 2864 Cantic.
1150 2822 1246 2871 VII,
1276 2822 1314 2867 6.
