1763 3112
613 98 660 127 IN
687 83 713 124 J
718 95 938 125 Enssmmm.
1400 88 1481 131 447

63 202 220 257 φητῶν
252 199 302 242 ἒν
318 197 508 256 μιμήσει
535 199 926 255 προφερομένους.
970 194 1018 239 ‘0
1038 195 1130 253 γιὶρ
1154 195 1338 241 ἀκούων
1359 216 1478 256 προ-

63 276 233 335 φήτου,
268 270 366 318 οἷον
395 277 650 323 Μωυσέως,
685 272 769 316 οὐκ
799 273 961 328 αὐτοῦ,
992 272 1105 316 ἀλλὰ
1134 278 1293 333 κυρίου
1325 274 1478 321 ἀκούει

61 352 139 396 διὰ
178 348 340 395 τούτου
379 354 634 399 λαλοῦντος.
705 352 760 392 Οἱ
799 350 850 392 δὲ
889 351 1270 408 ψευδοπροφῆται
1308 369 1479 408 μαται-

61 432 207 472 οῦσιν.
273 430 348 484 Τῷ
379 426 470 484 γὰρ
501 427 565 484 μὴ
594 428 896 484 ἐπιστρέφειν,
930 430 1113 471 ποιοῦσι
1142 427 1223 472 τὸν
1249 427 1477 474 ἀκούοντα

57 504 269 562 μάταιον,
303 503 464 560 ὅρασιν
493 506 682 560 καρδίας
710 507 963 553 λαλοῦντες.
1016 507 1141 554 Νοῦς
1167 505 1257 562 γὰρ
1287 506 1478 562 ἐπιβάλ-

59 585 152 626 λων
190 580 431 640 πράγμασι
464 584 605 640 χωρὶς
642 584 754 626 θεοῦ
794 587 1034 636 βοηθείας,
1076 579 1235 640 ὅρασιν
1271 585 1474 642 καρδίας,

58 659 142 704 οὐκ
185 659 276 703 ἀπὸ
317 657 539 712 στόματος
576 661 705 703 λαλεῖ
750 662 830 703 τοῦ
862 661 1176 716 χορηγοῦντος
1214 662 1360 705 εἴπεῖν
1399 665 1477 704 καὶ

57 740 341 794 φωτίζοντος.
393 732 519 779 ’Ἐστι
550 737 600 780 δὲ
631 734 702 780 ὅτε
734 740 962 795 συντρέχειΙ
992 738 1182 793 καρδίας
1219 735 1374 794 ὅρασις
1401 741 1479 782 καὶ

58 810 280 871 στόματος
324 818 481 871 κυρίου
527 811 687 870 λόγος’
733 811 845 858 ὅθεν
889 813 974 870 οὐχ
1016 812 1173 861 ἁπλῶς
1215 817 1349 871 ψέγει
1395 814 1478 870 τὴν

58 888 217 948 ὅρασιν
255 892 332 944 τῆς
369 891 580 947 καρδίας,
626 889 717 933 ἀλλ’
761 887 871 933 ὅταν
908 887 972 946 μή
1004 895 1192 948 προσείη
1223 889 1272 934 τὸ
1304 892 1473 948 ἕτερον.

54 972 296 1027 Συντρέχει
326 967 378 1010 δὲ
407 966 532 1023 παρὰ
562 970 625 1023 τῷ
655 970 860 1024 λέγοντι·
891 965 1298 1024 ,,προσεύχομαι’)
1329 969 1380 1013 δὲ
1413 972 1473 1026 τῷ

56 1043 260 1100 στόματι,
292 1042 609 1102 προσεύχομαι
641 1044 691 1086 δὲ
720 1045 782 1100 τῷ
814 1042 937 1087 νο“ι’”.“

166 1119 328 1176 ,,’[ὸ“οὺ,
345 1121 388 1177 ²)
419 1118 603 1177 σεισμὸς
631 1118 756 1179 παρὰ
787 1121 998 1178 κυρίου.“

1053 1121 1340 1179 Προφητεύει
1369 1128 1475 1184 περὶ

54 1201 133 1242 τοῦ
164 1200 352 1257 σεισμοῦ
383 1201 460 1241 καὶ
493 1198 631 1255 ὀργῆς
668 1202 827 1253 κυρίου
865 1198 1227 1255 ἕκπορευομένης
1265 1200 1342 1243 ἐπὶ
1371 1199 1476 1252 τούς

55 1275 243 1330 ἀσεβεῖς.
280 1273 327 1318 ‘0
346 1272 492 1330 θυμὸς
524 1274 606 1318 οὐκ
636 1271 920 1332 ἀπεστράφη,
954 1275 1036 1331 οὐχ
1068 1274 1234 1332 ἁπλῶς,
1267 1276 1359 1320 ἀλλ’
1393 1279 1474 1329 ἕως

52 1349 111 1396 ἷέν
140 1350 306 1411 ποιήσῃ
338 1350 470 1395 αὐτό·
510 1350 568 1400 ὠς
605 1350 997 1410 ἅποστρέφοντος,
1040 1352 1158 1396 ἐπὰν
1186 1353 1367 1415 ποιήσῃ.
1416 1351 1474 1400 ‘⁸0

53 1430 103 1473 δὲ
132 1428 196 1485 μὴ
226 1433 446 1483 πεποίηκε
476 1428 612 1485 λόγος
639 1434 812 1486 κυρίου,
841 1428 992 1485 θυμὸς
1019 1436 1177 1489 κυρίου
1215 1437 1351 1476 ποιεῖ.
1417 1438 1476 1476 Τί

51 1507 102 1550 δὲ
131 1505 280 1564 θυμὸς
310 1510 468 1563 κυρίου
498 1511 644 1561 ποιεῖ,
687 1509 806 1563 λέγει
834 1508 987 1562 Δαβὶὸ
1024 1509 1074 1550 ἓν
1112 1511 1200 1566 τῷ·
1237 1507 1472 1568 ,,κύριε,3)

865 1585 894 1607 “
970 1584 1150 1630 Οὐκοῦν
1184 1587 1384 1644 ἐλέγχων
1417 1589 1472 1632 οὐ

50 1581 114 1640 μὴ
157 1585 219 1639 τῷ
259 1587 396 1639 θυμῷ
438 1598 521 1627 σου
562 1583 741 1644 ἐλέγξῃς
775 1600 848 1639 με.

49 1658 287 1714 παύσεται,
319 1659 401 1709 ἕως
415 1660 456 1716 4)
486 1658 654 1720 ποιήσῃ
683 1659 738 1703 δι’
774 1653 827 1705 οῦ
860 1663 1057 1718 ἐλέγχει·
1090 1661 1150 1712 ὠς
1173 1663 1281 1708 οὐδὲ
1310 1662 1469 1723 ήόργὴ

47 1741 180 1796 μέχρι
210 1740 385 1786 τελείως
411 1734 652 1797 παιδεύσῃ.
726 1738 790 1781 Οὐ
832 1737 982 1797 μόνον
1020 1740 1070 1784 δὲ
1106 1740 1309 1796 ποιήσει,
1352 1741 1469 1786 ἄλλα

50 1816 128 1857 καὶ
158 1812 307 1869 στήσει
324 1814 365 1871 ⁵)
396 1817 474 1856 καὶ
501 1812 753 1869 βεβαιώσει.
820 1815 884 1860 Tb
923 1817 999 1860 δέ·
1040 1816 1166 1871 „fiand
1183 1819 1226 1874 6)
1258 1818 1468 1877 ἐγχειρή-

590 1894 620 1915 “
651 1896 844 1950 αἴνιγμα
873 1891 928 1937 ὂν
952 1893 1018 1938 ἐπ’
1038 1894 1246 1952 ἐσχάτου,
1278 1901 1406 1954 φησὶ,
1425 1900 1467 1956 ⁷)

46 1907 189 1946 ματος
204 1892 392 1950 καρδίας
411 1890 546 1935 αὐτοῦ
561 1905 573 1918 ·

48 1965 339 2025 νοηθήσεται,
372 1968 544 2023 δηλαδὴ
577 1973 684 2029 περὶ
712 1973 803 2014 τῶν
833 1973 1085 2028 εἰρημένων
1113 1978 1221 2030 περί
1246 1991 1291 2019 τε
1309 1979 1465 2032 θυμοῦ

47 2048 124 2088 καὶ
154 2043 304 2102 ὀργῆς.
367 2044 512 2101 Χάρις
552 2039 635 2091 οὖν
671 2051 733 2105 τῷ
767 2046 882 2105 ἡμῖν
910 2048 1264 2106 ἀποκαλύψαντι
1292 2051 1347 2095 τὰ
1376 2055 1464 2109 μέ-

40 2138 119 2181 χρι
148 2124 227 2165 τοῦ
258 2120 483 2179 παρόντος
511 2129 813 2184 κεκρυμμένα.

158 2197 362 2254 ,,Θεὸς8)
409 2200 601 2256 ἒγγίζων
637 2200 726 2258 ἐγώ
758 2204 901 2260 εἷμι.“
960 2201 1050 2246 Διὰ
1080 2207 1210 2248 τοῦτο
1243 2203 1325 2248 οὐκ
1355 2205 1463 2248 ἔλα-

46 2274 134 2320 θόν
162 2292 222 2332 με
252 2277 313 2324 εἰς
340 2281 566 2336 πονηρίαν
594 2276 674 2323 τὸν
702 2277 818 2324 λαόν
843 2297 938 2337 μου
969 2278 1241 2336 ὠθήσαντες.
1296 2278 1346 2326 Ὀ
1371 2281 1463 2340 γὰρ

165 2469 204 2525 ¹)
238 2469 324 2512 Cfr.
356 2471 375 2510 I
410 2470 509 2512 Cor.
539 2472 655 2522 XIV,
688 2473 751 2516 14.
784 2473 848 2516 15.

158 2540 200 2594 2)
231 2540 385 2580 Jerem.
416 2541 580 2591 XXIII,
614 2541 677 2584 19.

160 2610 201 2663 3)
229 2609 384 2652 Psalm.
414 2611 488 2660 VI,
522 2611 556 2653 1.
589 2611 686 2652 coll.
717 2612 956 2665 XXXVIII,
989 2614 1024 2657 1.
1058 2616 1320 2674 (XXXVII.)

157 2679 199 2732 4)
232 2679 318 2721 Cfr.
347 2680 504 2722 Jerem.
534 2682 697 2733 XXIII,
729 2682 795 2725 20.

159 2749 198 2804 ὁ)
234 2749 321 2790 Cfr.
351 2752 505 2791 Jerem.
537 2752 700 2802 XXIII,
729 2753 795 2796 20.
916 2755 959 2811 ⁶)
988 2756 1142 2797 Jerem.
1174 2757 1335 2808 XXIII,
1364 2757 1429 2801 20,

158 2817 198 2871 7)
235 2818 321 2861 Cfr.
352 2821 511 2862 Jerem.
541 2822 704 2873 XXIII,
735 2822 801 2865 ⁴20.
919 2823 961 2879 εὖ)
992 2826 1146 2867 Jerem.
1178 2827 1342 2878 XXIII,
1372 2826 1437 2871 23.
