1763 3112
627 103 829 144 Humum
857 103 973 143 XIV.
1428 107 1510 150 275

90 232 296 270 κτειναν,
341 214 395 258 τὰ
438 211 739 272 θυσιαστήριά
777 226 861 256 σου
891 216 1208 267 κατέσκαψαν,
1240 213 1368 270 κάγώ
1397 214 1514 261 ὑπε-

92 298 290 352 λείφθην
316 288 601 348 μονώτατος,
632 293 709 333 καὶ
739 291 914 344 ζητοῦσι
942 287 1024 343 τὴν
1054 287 1210 345 ψυχήν
1237 306 1330 347 μου
1359 295 1513 348 λαβεῖν

95 370 296 418 αὐτοῖς.“
347 365 474 424 Τάχα
497 368 562 423 δὲ,
593 364 681 412 κᾶν
703 363 959 423 βαθύτερον
983 363 1188 425 ἓξετάσης
1203 362 1273 409 τό·
1308 368 1451 421 „uaria
1469 371 1513 424 ¹)

89 446 236 505 μόνας
267 442 569 501 ἐκαθήμην·“
620 441 821 502 εὑρήσεις
863 440 966 486 τινά
1015 438 1144 493 ἄξιον
1188 446 1303 487 νοῦν
1340 442 1514 499 βάθους

89 524 387 582 προφητικοῦ.
445 520 585 566 Ὅταν
631 519 712 565 τὸν
759 521 850 563 τῶν
886 522 1069 563 πολλῶν
1104 523 1207 575 βίον
1249 519 1513 577 μιμώμεθα,

89 598 202 644 ὥστε
229 597 293 657 μὴ
325 595 441 643 εἶναι
472 594 847 655 ἀνακεχωρηκότα
880 594 1035 650 αὐτὸν,
1068 597 1146 639 καὶ
1175 604 1408 654 κρείττονα
1437 603 1514 642 καὶ

89 678 318 736 ἐξαίρετον
346 675 473 732 παρὰ
502 673 606 724 τούς
633 671 844 728 πολλοὺς,
878 671 930 716 οὐ
962 672 1165 730 δύναμαι
1190 678 1363 732 λέγειν·
1394 692 1514 731 ,,κα-

88 750 199 810 τάἳ)
230 751 375 810 μόνας
405 749 712 808 ἓκαθήμην·“
744 748 884 793 ἀλλά·
916 748 1031 807 μετὰ
1060 752 1245 795 πολλῶν
1263 751 1513 810 ἐκαθήμην.

84 828 232 874 Ἐπάν
269 830 321 873 δὲ
362 828 384 874 ὁ
423 834 520 886 βίος
556 845 647 882 μου
678 831 860 886 γένηται
892 827 1194 885 δυσμίμητος,
1240 827 1351 874 ὥστε
1373 829 1419 886 3)
1454 847 1514 887 με

87 909 349 961 τηλικοῦτον
395 909 634 963 γενέσθαι,
690 902 750 955 ὥς
798 904 976 964 μηδένα
1022 902 1346 963 παραπλήσιον
1396 902 1518 952 εἶναί

85 999 178 1039 μου
206 986 268 1040 τῷ
302 979 420 1038 ἤθει,
453 985 514 1039 τῷ
545 985 642 1038 βίῳ,
674 986 771 1030 ταῖς
799 978 1008 1039 πράξεσι,
1038 983 1090 1041 τῇ
1121 986 1280 1039 σοφία,
1307 980 1407 1027 τότε
1425 982 1510 1026 δ’ὑ-

86 1076 232 1117 ναμαι
259 1062 431 1117 λέγειν,
475 1057 602 1116 παρὰ
639 1056 690 1102 τὸ
727 1055 870 1115 μόνος
899 1054 1017 1102 εἶναι
1045 1064 1139 1107 τοῖς
1167 1049 1281 1115 ὧδε,
1314 1062 1391 1103 καὶ
1418 1078 1511 1118 μη-

86 1137 197 1181 δένα
224 1133 521 1193 μιμήσασθαί
547 1151 627 1191 με,
673 1133 748 1179 τό·
790 1133 942 1193 „narde
959 1135 1003 1191 ⁴²)
1045 1132 1194 1192 μόνας
1224 1135 1511 1225 ἔκαθημηνέέ

77 1208 279 1264 Ἔξεστιν
310 1205 393 1257 οὖν
421 1214 499 1256 καὶ
527 1210 591 1270 μὴ
625 1208 732 1256 όντα
763 1224 812 1255 σε
842 1209 1166 1269 πρεσβύτερον,
1198 1215 1276 1256 καὶ
1302 1211 1367 1272 μὴ
1400 1210 1508 1258 ὄντα

87 1304 138 1334 σε
166 1290 445 1346 ἐπίσκοπον,
486 1290 608 1348 μηδέ
642 1304 730 1333 τινι
757 1291 864 1348 τιμῇ
897 1288 1237 1350 ἐκκλησιαστικῇ
1267 1295 1510 1348 τετιμημέ-

85 1382 184 1423 νον,
214 1370 360 1411 εῗπεῖν
388 1369 518 1410 τοῦτο
548 1364 598 1409 τό
638 1362 785 1421 „nonde
809 1365 850 1421 ⁵)
888 1361 1036 1421 μόνας
1063 1364 1363 1426 ἐκαθήμην·“
1400 1371 1509 1412 τοῦ-

85 1459 165 1488 τον
194 1446 399 1498 ζηλῶσαι,
431 1444 508 1485 καὶ
534 1444 638 1498 βίον
668 1441 928 1497 ἀναλαβεῖν,
961 1439 1073 1487 ὥστε
1094 1446 1260 1487 εἰπεῖν·
1303 1444 1451 1499 ,,κατά
1467 1447 1509 1503 ⁶)

86 1518 232 1577 μόνας
266 1517 522 1577 ἐκαθήμην,
568 1516 635 1563 ὅτι
664 1522 848 1577 πικρίας
876 1517 1215 1575 ἐνεπλήσθην.“
1286 1525 1347 1564 Εἰ
1375 1521 1507 1578 στενὴ

87 1599 165 1640 καὶ
192 1599 468 1655 τεθλιμμένη
508 1593 534 1651 ἡ
578 1592 684 1644 ὁδὸς
720 1593 745 1650 ἡ
789 1594 1037 1652 ἀπάγουσα
1073 1599 1136 1647 εἷς
1165 1596 1248 1652 τὴν
1277 1596 1405 1655 ζωῆν,
1439 1602 1512 1645 δεῖ

87 1687 139 1718 σε
166 1678 349 1733 πικρίας
375 1673 691 1731 ἐμπλησθῆναι
724 1672 774 1716 ἓν
801 1675 863 1729 τῷ
894 1677 978 1730 βίῳ
1008 1671 1174 1731 τούτῳ,
1205 1673 1392 1726 οὐδενὸς
1422 1677 1508 1721 δύ-

88 1763 226 1795 νασαι
253 1749 494 1806 γλυκέοςἸ)
524 1748 798 1793 ἀπολαῦσαι.
845 1746 913 1793 Ἣ
937 1750 1021 1795 οὐκ
1052 1747 1191 1807 οἶδας,
1225 1749 1291 1795 ὅτι
1319 1750 1346 1807 ἡ
1378 1752 1508 1811 ἑορτή

91 1841 175 1871 σου
203 1825 317 1886 μετὰ
348 1827 576 1884 πικρίδων
603 1830 800 1884 γίνεται,·
833 1823 974 1871 “Όταν
1009 1826 1100 1886 γάρ
1130 1827 1336 1889 ἕορτάζης
1362 1827 1508 1887 ,,ἇ’ζυ-

86 1922 168 1961 μα,
184 1904 226 1959 ⁸)
255 1907 420 1962 φησὶν,
452 1904 530 1947 ἐπὶ
556 1905 782 1962 πικρίδων
819 1901 1077 1960 φάγεσαι.“
1140 1909 1200 1948 Τί
1232 1903 1439 1962 βούλεται
1484 1908 1506 1952 ὁ

87 1980 222 2039 λόγος
249 1984 413 2039 λέγων,
444 1978 512 2024 ὅτι
541 1981 616 2025 δεῖ
640 1978 723 2024 τόν
750 1978 1016 2038 ἑορτάζοντα
1044 1983 1107 2038 τῷ
1136 1984 1229 2038 θεῷ
1261 1979 1407 2042 ἄζυμα
1428 1985 1506 2029 ἐπὶ

84 2059 310 2118 πικρίδων
337 2058 525 2114 ἐσθίειν,
556 2061 873 2112 κατανοητέον.
949 2055 1017 2100 To}
1047 2058 1136 2115 μὲν
1166 2054 1314 2117 ἄζυμα
1342 2061 1508 2120 διηγή-

88 2150 197 2180 σατο
228 2133 251 2180 ὁ
283 2132 548 2185 ἀπόστολος.
610 2135 703 2179 Οὐκ
738 2136 860 2179 ἔστιν
899 2133 984 2193 ἐμὴ
1023 2133 1048 2190 ἡ
1087 2136 1325 2195 ἑρμηνεία,
1364 2138 1413 2183 τὸ
1454 2141 1505 2184 δὲ

91 2209 349 2256 ἀκόλουθον
385 2213 462 2266 τῆς
500 2210 738 2269 ἑρμηνείας
775 2210 1033 2269 ἀναγκαῖόν
1061 2212 1152 2256 ἐστι
1182 2214 1505 2272 παραπλήσιον

91 2283 208 2333 εἶναι
236 2291 286 2348 τῇ
317 2287 590 2348 ἀποστολικῇ
633 2287 850 2345 διηγήσει.
920 2287 968 2333 Ὁ
1011 2286 1264 2340 ἀπόστολος
1307 2291 1361 2336 τὰ
1397 2297 1504 2352 περὶ

91 2367 180 2408 τῶν
208 2363 392 2421 ἀζύμων
422 2364 696 2422 διηγήσατο,
736 2368 908 2423 λέγων·
954 2363 1327 2426 ,,ἑορτα’ζωμεν9)
1358 2370 1420 2424 μὴ
1453 2372 1503 2414 ἐν

208 2492 249 2547 ¹)
280 2492 436 2532 Jerem.
467 2491 561 2542 XV,
592 2491 658 2536 17.
777 2495 821 2551 ²)
849 2495 1005 2537 Jerem.
1034 2472 1131 2546 ⁴XV,
1161 2495 1226 2539 17.

205 2562 248 2615 3)
278 2561 387 2602 Edd.
418 2561 471 2602 H.
503 2561 642 2611 „gorm
671 2568 756 2618 με“
787 2569 880 2608 κτλ.
999 2564 1042 2622 ¹²)
1070 2564 1227 2607 Jerem.
1255 2566 1349 2616 XV,
1379 2566 1443 2609 17.

211 2633 251 2686 ⁵)
282 2633 438 2672 Jerem.
470 2631 564 2681 XV,
596 2631 660 2674 17.
780 2635 822 2691 ⁶)
852 2637 1012 2680 Jerem.
1037 2635 1132 2684 XV,
1167 2635 1231 2678 17.

207 2702 249 2758 ⁷)
279 2701 333 2743 H.
365 2713 405 2743 et
434 2702 484 2742 R.
516 2699 776 2758 ,,γλύκους.“
893 2705 939 2760 ⁸)
969 2705 1053 2746 Cfr.
1083 2705 1219 2745 Exod.
1246 2705 1344 2755 XII,
1374 2705 1414 2748 8.

206 2771 248 2827 9)
279 2772 299 2811 I
331 2771 428 2816 Cor.
459 2771 510 2821 V,
538 2771 578 2815 8.
612 2798 661 2803 -
694 2772 747 2814 Η.
780 2784 821 2814 et
850 2774 900 2816 R.
931 2774 1012 2815 hoc
1042 2775 1139 2815 loco
1174 2785 1214 2813 et
1243 2789 1357 2831 seqq.
1396 2781 1499 2834 ‚32-

91 2829 356 2885 acxpam‘agf‘

1153 2904 1240 2946 18*
