1763 3112
263 85 347 130 434
716 96 772 124 Ex
804 83 1015 124 ORIGENE
1047 85 1246 125 Sumen

268 198 488 240 ἀπολέσαι
519 194 633 239 λαὸν
664 194 727 251 μὴ
763 192 988 251 πρότερον
1018 195 1180 239 ἑαυτοῦ
1212 195 1293 249 τὴν
1326 196 1482 253 ψυχὴν
1513 199 1562 240 ἐκ
1591 215 1694 254 γεν-

270 273 488 332 νημάτων
526 276 620 316 τῶν
654 270 744 314 κατ’
787 271 951 330 ἀρετὴν
992 271 1328 317 ἀτεκνώσαντα.
1412 274 1575 324 Οὐδεὶς
1611 275 1700 333 γὰρ

272 348 337 395 ὢν
367 349 548 408 ἀγαθὸς
578 346 833 393 ἀπόλλυσιν
863 350 1033 406 ἕτερον.

387 425 866 484 ,,Ἐπληθύνθησιιν“)
906 429 953 470 αἱ
984 429 1123 483 χῆραι
1165 426 1315 470 αὐτῶν
1346 432 1423 471 καὶ
1463 428 1579 488 ὑπὲρ
1619 429 1700 484 τὴν

266 503 432 562 ἅμμον
462 508 536 559 τῆς
568 503 856 559 ι9αλιὶσσης.“
924 501 1035 547 Εἶεν
1067 502 1104 544 δ’
1142 500 1200 546 ἂν
1224 507 1367 560 χῆραι
1400 509 1490 549 τῶν
1522 507 1699 563 ἀσεβῶν

269 585 316 624 αἱ
349 584 507 638 ψυχαὶ,
543 580 623 625 τὸν
656 586 866 637 νυμφίον
901 579 1104 639 Χριστὸν
1135 580 1434 625 ἀπολέσασαι.

381 656 679 715 ,,Ἐπήγαγον
696 660 739 715 ²)
791 659 868 702 ἐπὶ
906 658 989 712 τὴν
1024 663 1194 716 μητέρα
1236 663 1550 710 νεανίσκους.“
1609 654 1696 706 ἷΩν

269 736 603 792 ἀπολλυμένων
646 739 984 792 ταλαιπωροῦσι
1017 740 1093 779 καὶ
1122 740 1307 795 μητέρες
1340 741 1387 780 αἱ
1416 735 1696 794 γεννήσασαι

268 812 407 862 αὐτας
448 815 498 856 ἐν
539 817 753 871 Χριστῷ,
811 817 888 856 καὶ
938 812 1240 869 ὠδινὴσασαι,
1285 818 1419 872 μέχρι
1463 818 1696 874 μορφωθῇ

269 888 466 948 Χριστὸς
497 891 548 933 ἓν
578 890 749 946 αὐταῖς,
783 889 896 934 κατὰ
927 890 976 934 τὸ
1007 888 1131 948 γάλα
1154 894 1203 950 τῇ
1232 895 1387 948 στερεᾷ
1413 895 1558 952 τροφῇ
1584 892 1697 948 πρὸς

272 972 538 1015 νεανίσκους
587 969 890 1025 ἕκθρέψασαι.
973 972 1078 1011 Τῶν
1125 969 1175 1011 δὲ
1222 972 1380 1026 χηρῶν
1424 967 1473 1013 τὸ
1519 972 1696 1023 πλῆθος

268 1044 353 1101 οὐχ
385 1042 447 1092 ὠς
478 1043 530 1087 τὰ
567 1043 708 1104 ι’ἑστρα
740 1049 818 1088 τοῦ
862 1045 1085 1106 οὐρανοῦ,
1130 1045 1221 1088 ἀλλ’
1266 1044 1324 1094 ὠς
1364 1045 1390 1101 ἡ
1437 1043 1590 1105 ι’ἱμμος
1621 1050 1694 1101 τῆς

267 1120 513 1175 θαλάσσης.
573 1122 703 1165 Κατὰ
737 1123 787 1165 δὲ
818 1122 868 1166 τὸ
900 1121 1121 1180 γράμμα,
1161 1126 1387 1167 πλείστων
1426 1125 1476 1167 ἕν
1506 1127 1693 1180 πολέμῳ

263 1197 529 1242 πιπτόντων
560 1201 608 1240 αἱ
635 1205 849 1255 γυναῖκες
878 1197 1132 1255 ἐτύγχανον
1154 1203 1310 1256 χῆραι,
1349 1203 1396 1243 αἱ
1427 1202 1478 1244 δὲ
1505 1205 1693 1259 μητέρες

264 1273 620 1332 ἐταλαιπώρουν.

377 1353 608 1409 ,,Οἴμοι3)
643 1351 749 1410 ἐγώ,
784 1351 845 1401 ὠς
875 1356 999 1406 τίνα,
1031 1354 1196 1411 μῆτερ,
1228 1354 1287 1410 μὲ
1317 1354 1512 1403 ἕτεκες.“
1564 1355 1686 1398 Ἐοί-

261 1446 395 1474 κασιν
424 1434 596 1487 ἰατροῖς
637 1432 680 1473 οἱ
718 1432 967 1487 προφῆται.
1023 1427 1185 1487 Ὁρῶσι
1213 1432 1302 1490 μὲν
1333 1429 1477 1487 δεινὰ,
1509 1431 1685 1488 θιγγά-

260 1524 391 1552 νουσι
421 1509 472 1552 δὲ
504 1506 697 1563 ἀηδέων,
732 1507 799 1552 ἐπ’
835 1507 1092 1565 ἀλλοτρίαις
1121 1514 1384 1566 συμφοραῖς
1421 1511 1540 1559 ἰδίας
1570 1527 1684 1569 καρ-

260 1583 489 1642 πούμενοι
520 1582 687 1640 λύπας,
730 1586 794 1628 ἔτι
837 1586 888 1628 δὲ
918 1588 996 1627 καὶ
1023 1585 1300 1643 μισούμενοι
1328 1585 1454 1644 παρὰ
1483 1591 1573 1632 τῶν
1605 1589 1687 1632 οὐκ

259 1663 582 1720 ἀρεσκομένων
622 1662 774 1706 αὐτῶν
813 1660 1096 1722 ἐπιτάγμασι
1141 1662 1199 1713 ὠς
1237 1667 1329 1708 τῶν
1368 1666 1469 1708 καθ’
1512 1665 1686 1722 ἡδονὴν

258 1740 585 1799 ἀποτρέπουσι.
644 1743 738 1783 Καὶ
769 1741 842 1785 δεῖ
868 1744 1009 1784 ταῦτα
1039 1743 1304 1799 προειδέναι
1332 1745 1423 1787 τῶν
1450 1742 1536 1798 τὴν
1563 1730 1683 1802 προ-

256 1823 450 1875 φητείαν
479 1816 595 1876 πρὸς
623 1816 832 1876 ἰατρικὴν
862 1819 1232 1879 ἕπανῃρημένων.
1294 1819 1458 1879 Ἰατρὸς
1486 1821 1577 1882 γὰρ
1606 1828 1684 1868 καὶ

256 1887 387 1945 οὗτος
427 1898 615 1952 ψυχῶν,
665 1900 758 1943 τοῖς
798 1895 849 1938 ἐν
880 1900 1016 1952 χρεία
1054 1902 1302 1955 θεραπείας
1330 1906 1680 1958 προσκείμενος

255 1973 344 2029 ,,οὐ
366 1973 408 2029 ⁴)
430 1972 520 2029 γὰρ
541 1977 705 2030 χρείαν
729 1973 916 2029 ἔχουσιν
933 1975 1091 2031 ἰατροῦ
1117 1977 1161 2017 οἱ
1185 1973 1480 2032 ὑγιαίνοντες,
1515 1978 1606 2021 ἀλλ’
1636 1982 1681 2024 οἱ

252 2054 400 2100 κακῶς
430 2051 656 2107 &young-‘⁶
723 2052 938 2099 Τοιοῦτος
968 2042 1024 2105 ἦν
1052 2049 1280 2109 Ἱερεμίας,
1313 2051 1413 2096 ἄνθ’
1448 2045 1513 2098 ὧν
1545 2056 1678 2112 ἐλέγ-

245 2145 350 2185 χων
398 2125 690 2186 ἐπιστρέφειν
737 2123 925 2183 ἤθελεν,
973 2128 1375 2188 κατηγορούμενος
1415 2132 1493 2175 ἐπὶ
1540 2133 1677 2176 δικα-

251 2209 372 2250 στῶν
405 2211 498 2256 τοῖς
537 2203 805 2262 κατηγόροις
846 2203 1032 2264 ὁμοίων.
1103 2210 1198 2249 Καὶ
1235 2199 1292 2262 ἦν
1330 2208 1380 2252 ἒν
1420 2210 1566 2259 δίκαις
1603 2209 1678 2256 ἀεὶ

248 2282 341 2328 ὑπὸ
381 2286 472 2328 τῶν
513 2281 624 2328 ὅσον
661 2275 772 2339 ἧκεν
812 2286 874 2333 εἰς
921 2283 1059 2328 αὐτὸν
1096 2289 1518 2346 τεθεραπευμένων.
1585 2287 1673 2333 Διό

248 2378 360 2407 ποτε
394 2365 484 2420 μέν
524 2375 693 2420 φησιν·
740 2361 909 2418 ,,καὶ5)
948 2357 1082 2420 εἶπα,
1129 2362 1183 2407 οὐ
1221 2363 1286 2422 μὴ
1315 2362 1519 2422 λαλήσω,
1567 2366 1675 2411 οὐδὲ

245 2437 310 2496 μὴ
342 2437 559 2496 ὀνομάσω
589 2438 641 2483 τὸ
674 2435 825 2497 ὄνομα
855 2441 1085 2498 κυρίου·“
1126 2443 1236 2485 ποτὲ
1276 2442 1328 2486 δὲ
1359 2440 1479 2501 ὁρῶν
1509 2443 1673 2488 ἑαυτὸν

244 2513 566 2575 δικαζόμενον,
609 2515 660 2560 οὐ
702 2514 972 2575 δικάζοντα,
1003 2523 1190 2578 προσέτι
1228 2522 1306 2563 καὶ
1346 2522 1671 2581 ψευδομαρτυ-

361 2673 401 2727 ¹)
433 2671 520 2713 Cfr.
549 2670 706 2712 Jerem.
737 2671 830 2722 XV,
860 2673 899 2716 8.
1020 2675 1062 2730 2)
1098 2674 1182 2715 Cfr.
1213 2673 1369 2715 Jerem.
1400 2675 1495 2725 XV,
1524 2675 1564 2719 8.

354 2742 396 2798 ³)
431 2741 516 2783 Cfr.
546 2741 702 2784 Jerem.
733 2743 826 2792 XV,
861 2743 927 2786 10.
960 2743 1060 2784 coll.
1096 2744 1225 2785 Hom.
1258 2745 1373 2785 XIV.

349 2810 392 2866 ⁴)
424 2811 510 2853 Cfr.
541 2812 691 2854 Matth.
724 2813 798 2864 ΙΧ,
832 2813 894 2856 12.
1016 2813 1060 2870 ⁵)
1092 2814 1178 2856 Cfr.
1208 2815 1366 2856 Jerem.
1397 2816 1493 2865 XX,
1527 2815 1564 2857 9.
