1763 3112
260 78 343 121 442
705 94 759 122 Ex
793 82 1003 122 OmGENE
1036 81 1236 125 SELECTA

255 190 366 234 Ἀλλ’
397 183 456 249 ἦν
487 191 513 246 ἦ
546 190 682 249 φωνὴ
712 194 793 237 τοῦ
818 193 964 248 Ἰησοῦ
995 194 1045 237 ἔν
1074 197 1234 251 Πέτρῳ
1266 196 1344 238 καὶ
1361 193 1548 254 Παύλῳ.
1596 198 1682 242 Λιό

256 272 336 312 καί
362 284 529 328 φησιν·
561 268 693 325 ,,εῐ’)
723 268 923 328 δοκιμήν
953 273 1113 326 ζητεῖτε
1142 274 1223 316 τοῦ
1265 273 1315 316 ἐν
1351 273 1457 330 ἐμοὶ
1484 277 1681 319 λαλοῦν-

253 363 328 396 τος
370 346 640 402 Χριστοῦ,·“
690 344 966 402 Ἐπλούτησε
1006 348 1056 390 δὲ
1098 346 1120 391 ὂ
1160 349 1346 408 πέρδιξ,
1393 354 1470 397 καὶ
1512 355 1680 396 πολλαὶ

252 427 343 469 τῶν
383 425 660 483 ιἰδιακρίτων
710 423 831 480 αὐτῷ
875 423 1141 482 ἀνθρώπων
1180 426 1398 483 μυριάδες
1440 425 1674 482 ἐγένοντο·

252 499 306 551 ἃς
335 504 385 547 δὲ
428 500 707 558 συνήγαγεν,
756 500 810 544 οὗ
850 506 1035 559 κρίσεως
1074 507 1335 562 μεριμνῶν,
1383 503 1486 548 οὐδὲ
1528 505 1678 559 κρίσιν

248 579 382 636 ἔχων,
415 579 606 635 ἀκρίτως
635 579 686 622 δὲ
717 576 942 634 πράττων.
999 578 1047 623 Ὀ
1086 581 1137 624 δὲ
1175 583 1254 624 τοῦ
1295 583 1496 638 Χριστοῦ
1526 579 1673 623 πλοῦ-

248 673 321 705 τος
351 661 614 713 κεκριμένος
643 654 928 714 ἐξὴλεγκται·
972 660 1014 700 οἱ
1054 662 1130 701 καὶ
1171 659 1222 702 ἓν
1254 657 1408 717 ἡμίσει
1438 659 1529 701 τῶν
1557 655 1674 712 ἡμε-

247 736 342 792 ρῶν
371 737 450 778 τοῦ
480 736 695 794 πέρδικος
723 734 1025 791 ἐγκατέλιπον
1054 734 1210 791 αὐτὸν,
1245 733 1316 781 ὅτε
1343 737 1531 786 ἐξείλετο
1555 733 1674 790 ἡμᾶς

246 811 295 853 ἐκ
325 813 405 853 τοῦ
435 811 676 860 ἐνεστῶτος
706 814 913 867 πονηροῦ
943 815 1109 862 αἰῶνος
1138 811 1336 871 Χριστὸς
1359 813 1542 868 Ἰησοῦς.
1593 809 1671 853 Ἐν

245 878 280 943 ᾧ
311 891 443 932 αἰῶνι
470 887 603 947 μόνῳ
633 891 712 933 τοῦ
744 887 958 947 πέρδικάς
983 894 1098 935 εἰσιν
1129 894 1176 934 αἱ
1192 890 1375 949 ἡμέραι,
1406 886 1458 939 ἃς
1479 888 1534 943 δὴ
1559 890 1671 945 πρὶν

240 968 559 1024 πληρωθῆναι,
591 969 753 1011 τοῦτον
783 968 1156 1026 ἕγκατελίπομεν.
1207 966 1294 1013 Διό
1326 981 1494 1027 φησιν·
1527 964 1670 1021 ,,ἕν2)

239 1041 393 1098 ἡμίσει
421 1047 512 1087 τῶν
541 1043 725 1103 ἡμερῶν
755 1044 962 1088 αὐτοῡ·“
1005 1048 1168 1095 αἵτινές
1205 1049 1321 1090 εἰσιν
1364 1048 1411 1088 αἱ
1450 1046 1528 1088 τοῦ
1572 1059 1667 1085 πα-

240 1118 398 1179 ρόντος
427 1123 591 1170 αἰῶνος
619 1119 796 1179 ἡμέραι.
853 1125 946 1164 Καὶ
974 1122 1038 1180 μὴ
1071 1120 1135 1166 ὢν
1164 1123 1266 1166 καθ’
1302 1120 1464 1167 ἑαυτὸν
1496 1118 1665 1179 φρόνι-

235 1213 336 1253 μος,
370 1196 462 1241 ἀλλ’
494 1197 609 1252 ἡμῖν
636 1204 729 1248 τοῖς
757 1198 1063 1255 ἠπατημένοις
1104 1201 1275 1244 δοκῶν·
1315 1199 1387 1244 διὸ
1426 1202 1503 1243 καὶ
1544 1213 1665 1255 ([ρο-

237 1272 488 1331 νιμώτατος
518 1279 687 1334 εἴρηται
717 1278 810 1320 τῶν
847 1281 1023 1333 θηρίων
1065 1275 1087 1320 ὁ
1130 1273 1258 1334 ὄφις·
1302 1275 1374 1322 ὅτε
1413 1277 1463 1321 δὲ
1502 1278 1664 1320 τοῦτον

235 1353 610 1410 ἕγκατελίπομεν,
643 1352 827 1404 εἰκότως
857 1351 1023 1413 ἄφρων
1050 1354 1277 1412 ἠλέγχετο.

347 1428 615 1487 ,,Θρόνος3)
637 1430 770 1487 δόξης
785 1430 1044 1490 ὑψωμένος,
1065 1431 1276 1491 ἁγίασμα
1300 1430 1484 1488 ἡμῶν.“
1524 1426 1602 1484 „⁰0
1618 1428 1661 1484 ⁴)

234 1523 279 1552 τε
309 1506 400 1565 γαρ
430 1506 654 1566 ἁγιάζων,
700 1513 778 1554 καὶ
809 1512 853 1554 οἱ
883 1508 1204 1568 ἁγιαζόμενοι,
1238 1511 1285 1560 ἐξ
1313 1507 1413 1558 ἑνὸς
1442 1505 1661 1555 πάντες.“

236 1583 354 1627 Οὐδὲ
383 1583 473 1647 γὰρ
505 1584 642 1643 ἅγιον
671 1583 788 1632 εἶναι
812 1592 954 1648 χωρὶς
984 1587 1139 1644 αὐτοῦ,
1173 1583 1275 1633 οὔτε
1299 1587 1549 1646 ὑπομένειν
1565 1585 1661 1628 ἐστὶ

229 1661 294 1720 μὴ
324 1663 488 1719 ἔχοντα
516 1662 598 1708 τόν
628 1663 847 1724 Χριστόν.
899 1664 974 1716 Ὡς
1001 1664 1093 1726 γάρ
1124 1667 1248 1711 ἐστιν
1276 1659 1658 1714 αὐτοδικαιοσὺνη

231 1741 309 1782 καὶ
326 1739 644 1798 αὐτοαλήθεια,
679 1740 816 1792 οὕτως
840 1742 1181 1802 αὑτοαγιασμὸς
1210 1747 1288 1787 καὶ
1306 1737 1656 1799 αὐτουπομονή·

231 1814 304 1860 διὸ
327 1820 405 1860 καὶ
430 1821 627 1877 εἴρηται·
651 1819 898 1878 ,,ἁγίασμα
918 1824 960 1878 ⁵)
982 1821 1116 1880 ἡμῶν
1134 1825 1212 1866 καὶ
1232 1818 1446 1879 ὑπομονὴ
1463 1816 1657 1875 Ἰσραὴλ)

224 1890 402 1952 κύριε.“

339 1969 550 2027 ,,Πάντες
565 1973 608 2030 ⁶)
640 1976 685 2018 οἱ
707 1971 1030 2025 καταλιπόντες
1060 1990 1110 2020 σε
1141 1972 1653 2033 καταισχυνθήτωσαν.“

216 2046 438 2099 ίἘκϋῑῑῖῒος
473 2048 564 2110 γὰρ
606 2050 741 2109 ἡμῶν
786 2052 840 2097 δι’
890 2044 954 2097 ὧν
996 2052 1271 2113 ἁμαρτάνει,
1317 2047 1652 2107 καταλιμπάνει

223 2125 306 2171 τὸν
337 2125 561 2185 Χριστὸν,
602 2126 681 2173 καὶ
721 2130 776 2174 δι’
811 2131 952 2176 αὐτοῦ
981 2130 1062 2176 τὸν
1093 2134 1281 2190 πατέρα.
1338 2131 1530 2174 Ἀδικῶν
1558 2127 1650 2186 γὰρ

225 2203 526 2261 δικαιοσύνην
553 2210 832 2265 καταλείπει,
873 2211 951 2253 καὶ
977 2212 1250 2266 βεβηλωθεὶς
1279 2205 1540 2267 ἁγιασμόν,
1573 2209 1650 2251 καὶ

222 2286 441 2339 πολεμῶν
469 2282 675 2344 εῗρήνην,
727 2289 805 2330 καὶ
842 2285 933 2332 ὑπὸ
961 2291 1166 2345 πολεμίῳ
1194 2284 1443 2346 γενόμενος
1471 2283 1647 2330 ἀπολύ-

223 2375 413 2420 τρωσιν,
456 2364 534 2405 καὶ
571 2359 653 2417 τὴν
683 2367 857 2421 σοφίαν
888 2361 911 2408 ὁ
941 2363 1006 2422 μὴ
1037 2362 1102 2410 ὢν
1132 2363 1246 2410 κατὰ
1277 2362 1412 2421 θεὸν,
1454 2366 1531 2408 καὶ
1560 2366 1643 2407 θέ-

342 2536 381 2590 l)
415 2536 501 2577 Cfr.
534 2538 572 2577 II
608 2537 705 2578 Cor.
736 2537 858 2588 XIII,
887 2538 925 2582 3.

341 2606 382 2660 ²)
416 2606 501 2647 Cfr.
532 2606 689 2648 Jerem.
720 2609 860 2659 XVII,
893 2610 955 2653 11.
1077 2613 1120 2666 3)
1149 2611 1305 2653 Jercm.
1335 2613 1474 2663 XVII,
1508 2612 1570 2655 12.

336 2676 379 2730 ⁴)
409 2676 538 2718 Hebr.
571 2678 626 2726 II,
659 2677 723 2721 11.

338 2747 380 2801 ὁ)
411 2746 497 2787 Cfr.
528 2747 686 2788 Jerem.
715 2749 854 2798 XVII,
889 2750 950 2792 12.
983 2751 1080 2791 coll.
1116 2751 1177 2795 13.

341 2816 382 2871 ο)
415 2818 569 2859 Jerem.
603 2819 742 2871 XVII,
777 2818 838 2863 13.
873 2821 968 2861 coll.
1001 2822 1127 2863 Hom.
1160 2823 1298 2864 XVII.
