1734 3112
648 114 899 157 Lmssn‘lll.
1438 121 1490 164 19

68 228 179 268 enim
217 243 383 283 semper
421 226 575 279 agnitio
616 239 875 269 secretorum
915 244 1246 286 arcanorumque
1286 233 1488 274 revelatio

67 321 145 360 per
172 303 418 361 sapientiam
436 303 544 355 Dei,
587 321 674 346 non
702 306 844 347 solum
872 305 1129 364 hominibus,
1161 309 1232 348 sed
1266 320 1306 349 et
1336 311 1490 362 angelis

65 383 399 438 coelestibusque
431 382 665 425 virtutibus.

178 460 418 511 „Ordinate
440 461 476 518 ¹)
508 460 550 501 in
580 478 648 502 me
681 460 937 502 caritatem.“
996 460 1198 519 Ejusdem
1228 479 1407 519 sponsae
1437 465 1489 505 ad

67 538 237 579 eosdem
270 539 394 578 verba
423 550 532 589 sunt,
561 538 642 579 nisi
672 539 786 595 quod
816 551 994 594 possunt
1023 540 1197 581 fortasse
1232 542 1355 583 etiam
1388 559 1490 598 apo·

63 616 162 657 stoli
194 615 348 658 Christi
378 616 487 657 inter
517 632 587 657 eos
627 616 792 668 haberi,
836 618 888 658 ad
927 634 1032 673 quos
1070 617 1146 659 ista
1184 633 1485 663 memorantur.

64 691 196 747 Quod
221 710 318 747 ergo
349 693 427 735 ait:
460 693 679 745 „ordinate
698 695 740 751 2)
772 695 814 747 in
832 711 899 735 me
927 695 1201 738 caritatem:“
1232 698 1342 740 hunc
1363 699 1488 740 habet

61 787 241 813 sensum.
309 771 468 814 Omnes
505 771 697 814 homines
736 786 876 816 amant
923 773 1010 816 sine
1051 775 1182 816 dubio
1224 776 1406 833 aliquid,
1446 789 1486 818 et

61 848 202 889 nullus
233 859 306 900 est,
338 849 409 905 qui
441 850 493 891 ad
522 849 567 891 id
596 850 742 892 aetatis
772 853 946 903 venerit,
976 865 1023 894 ut
1054 869 1191 895 amare
1222 852 1304 912 jam
1336 854 1484 912 possit,

63 938 105 968 et
143 943 232 968 non
275 927 436 984 aliquid
479 940 609 969 amet:
670 928 776 969 sicut
816 929 942 971 etiam
981 930 1025 971 in
1063 932 1324 987 praefatione
1365 933 1486 992 hujus

63 1005 204 1061 operis
243 1004 502 1046 sufficienter
532 1005 805 1048 ostendimus.
866 1009 953 1050 Sed
991 1008 1059 1049 hic
1098 1025 1240 1060 amor,
1279 1011 1347 1051 vel
1386 1011 1488 1052 haec

63 1082 207 1124 caritas
247 1082 292 1123 in
328 1082 544 1123 nonnullis
584 1083 757 1139 quidem
795 1101 871 1126 suo
921 1085 1068 1127 ordine
1109 1099 1151 1128 et
1189 1088 1490 1130 convenienter

63 1171 201 1217 aptata
229 1159 438 1217 procedit,
468 1159 512 1201 in
542 1160 736 1217 plurimis
756 1178 858 1203 vero
891 1175 1037 1205 contra
1068 1165 1274 1207 ordinem.
1316 1165 1487 1208 Dicitur

62 1250 204 1279 autem
235 1249 381 1280 contra
411 1237 606 1279 ordinem
637 1255 723 1281 esse
751 1239 793 1281 in
814 1240 957 1297 aliquo
991 1242 1149 1294 caritas,
1182 1260 1313 1300 quum
1343 1256 1412 1286 aut
1441 1245 1486 1285 id

63 1317 221 1370 diligit,
252 1318 367 1373 quod
396 1333 482 1358 non
513 1317 660 1368 debet,
691 1330 762 1359 aut
793 1308 910 1375 qtiod
941 1321 1069 1361 debet
1099 1320 1255 1374 diligit,
1285 1323 1360 1363 sed
1390 1324 1486 1378 plus

63 1394 172 1453 justo
214 1395 371 1447 diligit,
420 1406 491 1435 aut
524 1395 661 1436 minus
699 1395 822 1452 justo.
892 1397 941 1436 In
982 1397 1062 1437 isto
1104 1414 1201 1450 ergo
1248 1399 1486 1441 inordinata

65 1489 151 1513 esse
183 1472 328 1513 caritas
359 1471 535 1513 dicitur:
568 1473 612 1512 in
641 1472 726 1513 illis
758 1490 873 1524 vero,
905 1491 1010 1530 quos
1036 1475 1158 1516 valde
1188 1492 1346 1530 paucos
1378 1477 1487 1518 arhi-

64 1561 155 1591 tror
186 1566 273 1591 esse
289 1550 356 1607 3),
397 1549 468 1605 qui
497 1549 659 1590 scilicet
684 1566 762 1606 per
792 1550 902 1592 viam
935 1552 1042 1593 vitae
1074 1553 1295 1604 incedunt,
1329 1567 1370 1595 et
1400 1573 1486 1597 non

65 1627 288 1677 declinant,
318 1627 523 1683 nequead
553 1628 779 1680 dexteram,
811 1645 947 1684 neque
976 1630 1029 1669 ad
1059 1629 1280 1682 sinistram,
1312 1632 1354 1672 in
1386 1633 1486 1689 ipsis

63 1704 164 1746 solis
211 1704 401 1746 ordinata
442 1716 502 1745 est
541 1704 708 1756 caritas,
751 1716 793 1746 et
832 1706 1026 1746 ordinem
1063 1724 1187 1748 suum
1224 1720 1352 1751 tenet.
1411 1711 1486 1752 Est

62 1795 204 1825 autem
246 1782 352 1823 ordo
394 1781 480 1840 ejus
522 1793 563 1823 et
579 1782 619 1840 ⁴)
658 1799 852 1824 mensura
889 1783 1155 1842 hujusmodi,
1194 1787 1313 1828 verbi
1342 1789 1485 1841 gratia,

60 1861 201 1902 Deum
233 1860 406 1914 diligere
435 1859 577 1901 nullus
605 1862 772 1913 modus,
802 1860 919 1902 nulla
948 1878 1142 1903 mensura
1169 1876 1243 1916 est,
1272 1865 1353 1907 nisi
1384 1867 1486 1908 haec

62 1939 172 1990 sola,
212 1950 259 1980 ut
290 1938 328 1980 ei
368 1949 508 1979 totum
538 1937 753 1989 exhibeas,
797 1949 998 1995 quantum
1035 1940 1174 1982 habes.
1235 1942 1284 1983 In
1316 1943 1484 1985 Christo

64 2016 174 2057 enim
204 2017 305 2058 Jesu
337 2016 572 2069 diligendus
602 2028 662 2057 est
692 2017 811 2058 Deus
841 2033 889 2057 ex
918 2029 1012 2059 toto
1053 2020 1203 2070 corde,
1246 2031 1288 2060 et
1319 2037 1365 2061 ex
1395 2033 1487 2063 tota

64 2095 219 2145 anima,
264 2106 304 2136 et
343 2112 390 2136 ex
424 2095 526 2136 totis
559 2094 730 2135 viribus.
790 2095 839 2135 In
880 2095 961 2137 hoc
1002 2113 1099 2150 ergo
1138 2097 1256 2138 nulla
1292 2115 1486 2141 mensura

65 2184 137 2214 est.
176 2172 366 2226 Diligere
394 2189 494 2214 vero
519 2172 775 2229 proximum,
809 2184 870 2213 est
898 2191 1092 2216 mensura
1118 2176 1268 2232 aliqua.
1309 2177 1485 2227 „Proxi-

63 2252 251 2307 mum5),
280 2250 429 2307 inquit,
458 2262 577 2291 tuum
610 2249 737 2303 dilige
768 2249 876 2292 sicut
905 2262 946 2292 te
976 2251 1157 2307 ipsum.“
1206 2252 1252 2294 Si
1284 2270 1382 2306 ergo
1414 2266 1484 2296 aut

63 2325 107 2367 in
136 2326 221 2367 Dei
251 2327 477 2369 dilectione
507 2327 646 2369 minus
688 2327 850 2384 aliquid
880 2328 1051 2380 feceris,
1092 2347 1217 2385 quam
1259 2343 1405 2387 potes,
1444 2345 1485 2374 et

65 2420 191 2459 quam
221 2403 264 2444 in
293 2404 449 2446 viribus
480 2405 560 2447 tuis
593 2417 672 2446 est:
705 2417 776 2446 aut
806 2405 915 2447 inter
944 2419 984 2447 te
1017 2419 1058 2447 et
1087 2408 1328 2463 proximum
1362 2421 1482 2450 tuum

64 2497 151 2523 non
179 2481 406 2523 servaveris
437 2483 702 2540 aequitatem,
732 2485 806 2525 sed
839 2483 1000 2540 aliquid
1032 2484 1298 2527 differentiae
1329 2487 1484 2528 habue-

64 2559 138 2600 ris:
184 2576 270 2600 non
312 2571 372 2601 est
417 2558 460 2600 in
498 2571 538 2601 te
581 2562 726 2604 caritas
766 2562 978 2614 ordinata,
1019 2578 1096 2604 nec
1138 2563 1333 2605 ordinem
1364 2581 1485 2606 suum

182 2727 222 2784 ¹)
257 2726 415 2769 Cautio.
447 2727 512 2778 II,
540 2728 580 2771 4.
699 2730 741 2787 ²)
776 2730 933 2774 Cantic.
966 2731 1030 2783 Il,
1060 2731 1099 2776 4.

180 2798 222 2853 ³)
253 2798 384 2839 Deest
414 2805 578 2849 ,‚csse“
611 2798 653 2839 in
685 2801 776 2841 edd.
809 2803 870 2845 M.

181 2865 224 2923 ⁴²)
253 2868 385 2908 Deest
417 2876 527 2920 „et“
563 2871 603 2910 in
637 2870 729 2910 edd.
760 2871 818 2914 Μ,
940 2873 979 2928 5)
1012 2873 1158 2914 Manli.
1190 2873 1315 2927 XIX,
1350 2876 1411 2921 19.

1167 2950 1192 2994 2
1211 2954 1230 2976 z
