<?xml version="1.0" encoding="UTF-8"?>
<!DOCTYPE html PUBLIC "-//W3C//DTD XHTML 1.0 Transitional//EN"
    "http://www.w3.org/TR/xhtml1/DTD/xhtml1-transitional.dtd">
<html xmlns="http://www.w3.org/1999/xhtml" xml:lang="en" lang="en">
 <head>
  <title>
</title>
<meta http-equiv="Content-Type" content="text/html;charset=utf-8" />
  <meta name='ocr-system' content='tesseract 3.04.00' />
  <meta name='ocr-capabilities' content='ocr_page ocr_carea ocr_par ocr_line ocrx_word'/>
</head>
<body>
  <div class='ocr_page' id='page_1' title='image "./operaomniaquaegr15orig_0038.png"; bbox 0 0 1734 3112; ppageno 0'>
   <div class='ocr_carea' id='block_1_1' title="bbox 201 68 1357 114">
    <p class='ocr_par' dir='ltr' id='par_1_1' title="bbox 201 68 1357 114">
     <span class='ocr_line' id='line_1_1' title="bbox 201 68 1357 114; baseline 0.001 -2"><span class='ocrx_word' id='word_1_1' title='bbox 201 69 256 112; x_wconf 67' lang='lat'>24</span> <span class='ocrx_word' id='word_1_2' title='bbox 501 68 725 110; x_wconf 74' lang='lat' dir='ltr'>Omossms</span> <span class='ocrx_word' id='word_1_3' title='bbox 755 81 802 111; x_wconf 78' lang='lat' dir='ltr'>m</span> <span class='ocrx_word' id='word_1_4' title='bbox 835 69 1017 113; x_wconf 73' lang='lat' dir='ltr'>CANnc.</span> <span class='ocrx_word' id='word_1_5' title='bbox 1054 71 1357 114; x_wconf 60' lang='lat' dir='ltr'>CAmeonum</span> 
     </span>
    </p>
   </div>
   <div class='ocr_carea' id='block_1_2' title="bbox 202 182 1643 2270">
    <p class='ocr_par' dir='ltr' id='par_1_2' title="bbox 202 182 1643 2270">
     <span class='ocr_line' id='line_1_2' title="bbox 204 182 1638 241; baseline 0.003 -16"><span class='ocrx_word' id='word_1_6' title='bbox 204 194 275 225; x_wconf 77' lang='lat' dir='ltr'>aut</span> <span class='ocrx_word' id='word_1_7' title='bbox 320 182 362 224; x_wconf 88' lang='lat' dir='ltr'>in</span> <span class='ocrx_word' id='word_1_8' title='bbox 403 182 551 224; x_wconf 88' lang='lat' dir='ltr'>studiis</span> <span class='ocrx_word' id='word_1_9' title='bbox 593 193 754 224; x_wconf 87' lang='lat' dir='ltr'>ceteros</span> <span class='ocrx_word' id='word_1_10' title='bbox 795 183 1040 238; x_wconf 83' lang='lat' dir='ltr'>praecellit:</span> <span class='ocrx_word' id='word_1_11' title='bbox 1105 196 1142 225; x_wconf 87' lang='lat' dir='ltr'>et</span> <span class='ocrx_word' id='word_1_12' title='bbox 1166 185 1204 241; x_wconf 89' lang='lat'>¹)</span> <span class='ocrx_word' id='word_1_13' title='bbox 1243 201 1322 241; x_wconf 89' lang='lat' dir='ltr'>pro</span> <span class='ocrx_word' id='word_1_14' title='bbox 1363 184 1425 225; x_wconf 89' lang='lat' dir='ltr'>his</span> <span class='ocrx_word' id='word_1_15' title='bbox 1467 186 1638 240; x_wconf 85' lang='lat' dir='ltr'>singulis</span> 
     </span>
     <span class='ocr_line' id='line_1_3' title="bbox 205 259 1638 317; baseline 0.003 -16"><span class='ocrx_word' id='word_1_16' title='bbox 205 260 438 302; x_wconf 88' lang='lat' dir='ltr'>secundum</span> <span class='ocrx_word' id='word_1_17' title='bbox 468 261 650 316; x_wconf 87' lang='lat' dir='ltr'>suum²)</span> <span class='ocrx_word' id='word_1_18' title='bbox 684 259 834 317; x_wconf 87' lang='lat' dir='ltr'>cuique</span> <span class='ocrx_word' id='word_1_19' title='bbox 866 261 1066 303; x_wconf 87' lang='lat' dir='ltr'>meritum</span> <span class='ocrx_word' id='word_1_20' title='bbox 1093 263 1144 303; x_wconf 76' lang='lat' dir='ltr'>ad</span> <span class='ocrx_word' id='word_1_21' title='bbox 1169 263 1409 314; x_wconf 78' lang='lat' dir='ltr'>generalem</span> <span class='ocrx_word' id='word_1_22' title='bbox 1441 262 1638 307; x_wconf 85' lang='lat' dir='ltr'>dilectio-</span> 
     </span>
     <span class='ocr_line' id='line_1_4' title="bbox 205 338 1635 395; baseline 0.003 -16"><span class='ocrx_word' id='word_1_23' title='bbox 205 354 304 380; x_wconf 87' lang='lat' dir='ltr'>nem</span> <span class='ocrx_word' id='word_1_24' title='bbox 334 339 577 380; x_wconf 82' lang='lat' dir='ltr'>addendum</span> <span class='ocrx_word' id='word_1_25' title='bbox 608 350 670 380; x_wconf 85' lang='lat' dir='ltr'>est</span> <span class='ocrx_word' id='word_1_26' title='bbox 688 338 814 379; x_wconf 79' lang='lat' dir='ltr'>etiam</span> <span class='ocrx_word' id='word_1_27' title='bbox 844 339 1038 395; x_wconf 80' lang='lat' dir='ltr'>specialis</span> <span class='ocrx_word' id='word_1_28' title='bbox 1060 338 1221 395; x_wconf 85' lang='lat' dir='ltr'>aliquid</span> <span class='ocrx_word' id='word_1_29' title='bbox 1253 340 1446 382; x_wconf 80' lang='lat' dir='ltr'>caritatis.</span> <span class='ocrx_word' id='word_1_30' title='bbox 1477 343 1635 384; x_wconf 89' lang='lat' dir='ltr'>Verum</span> 
     </span>
     <span class='ocr_line' id='line_1_5' title="bbox 204 414 1639 476; baseline 0.003 -19"><span class='ocrx_word' id='word_1_31' title='bbox 204 427 253 457; x_wconf 89' lang='lat' dir='ltr'>ut</span> <span class='ocrx_word' id='word_1_32' title='bbox 282 414 418 473; x_wconf 82' lang='lat' dir='ltr'>major</span> <span class='ocrx_word' id='word_1_33' title='bbox 449 417 500 457; x_wconf 84' lang='lat' dir='ltr'>de</span> <span class='ocrx_word' id='word_1_34' title='bbox 531 416 595 457; x_wconf 84' lang='lat' dir='ltr'>his</span> <span class='ocrx_word' id='word_1_35' title='bbox 628 417 829 457; x_wconf 80' lang='lat' dir='ltr'>habeatur</span> <span class='ocrx_word' id='word_1_36' title='bbox 870 415 1115 465; x_wconf 79' lang='lat' dir='ltr'>auctoritas,</span> <span class='ocrx_word' id='word_1_37' title='bbox 1155 417 1206 458; x_wconf 82' lang='lat' dir='ltr'>ab</span> <span class='ocrx_word' id='word_1_38' title='bbox 1248 416 1340 472; x_wconf 89' lang='lat' dir='ltr'>ipso</span> <span class='ocrx_word' id='word_1_39' title='bbox 1372 419 1469 460; x_wconf 92' lang='lat' dir='ltr'>Deo</span> <span class='ocrx_word' id='word_1_40' title='bbox 1503 420 1639 476; x_wconf 80' lang='lat' dir='ltr'>capia-</span> 
     </span>
     <span class='ocr_line' id='line_1_6' title="bbox 204 493 1639 555; baseline 0.003 -19"><span class='ocrx_word' id='word_1_41' title='bbox 204 510 298 536; x_wconf 85' lang='lat' dir='ltr'>mus</span> <span class='ocrx_word' id='word_1_42' title='bbox 330 495 585 551; x_wconf 80' lang='lat' dir='ltr'>exemplum.</span> <span class='ocrx_word' id='word_1_43' title='bbox 626 495 724 551; x_wconf 87' lang='lat' dir='ltr'>Ipse</span> <span class='ocrx_word' id='word_1_44' title='bbox 756 493 868 535; x_wconf 90' lang='lat' dir='ltr'>enim</span> <span class='ocrx_word' id='word_1_45' title='bbox 899 505 1010 535; x_wconf 77' lang='lat' dir='ltr'>amat</span> <span class='ocrx_word' id='word_1_46' title='bbox 1041 494 1195 544; x_wconf 80' lang='lat' dir='ltr'>omnia,</span> <span class='ocrx_word' id='word_1_47' title='bbox 1228 511 1332 550; x_wconf 80' lang='lat' dir='ltr'>quae</span> <span class='ocrx_word' id='word_1_48' title='bbox 1362 508 1459 538; x_wconf 83' lang='lat' dir='ltr'>sunt</span> <span class='ocrx_word' id='word_1_49' title='bbox 1488 514 1639 555; x_wconf 77' lang='lat' dir='ltr'>aequa-</span> 
     </span>
     <span class='ocr_line' id='line_1_7' title="bbox 205 571 1640 629; baseline 0.003 -15"><span class='ocrx_word' id='word_1_50' title='bbox 205 571 317 623; x_wconf 80' lang='lat' dir='ltr'>liter,</span> <span class='ocrx_word' id='word_1_51' title='bbox 347 583 395 613; x_wconf 85' lang='lat' dir='ltr'>ut</span> <span class='ocrx_word' id='word_1_52' title='bbox 425 571 531 613; x_wconf 87' lang='lat' dir='ltr'>nihil</span> <span class='ocrx_word' id='word_1_53' title='bbox 564 572 704 613; x_wconf 87' lang='lat' dir='ltr'>oderit</span> <span class='ocrx_word' id='word_1_54' title='bbox 735 589 898 622; x_wconf 85' lang='lat' dir='ltr'>eorum,</span> <span class='ocrx_word' id='word_1_55' title='bbox 933 588 1038 628; x_wconf 81' lang='lat' dir='ltr'>quae</span> <span class='ocrx_word' id='word_1_56' title='bbox 1070 572 1190 613; x_wconf 84' lang='lat' dir='ltr'>fecit:</span> <span class='ocrx_word' id='word_1_57' title='bbox 1222 588 1360 629; x_wconf 88' lang='lat' dir='ltr'>neque</span> <span class='ocrx_word' id='word_1_58' title='bbox 1393 573 1505 616; x_wconf 86' lang='lat' dir='ltr'>enim</span> <span class='ocrx_word' id='word_1_59' title='bbox 1536 576 1640 619; x_wconf 79' lang='lat' dir='ltr'>fecit</span> 
     </span>
     <span class='ocr_line' id='line_1_8' title="bbox 204 649 1643 706; baseline 0.003 -15"><span class='ocrx_word' id='word_1_60' title='bbox 204 649 387 706; x_wconf 84' lang='lat' dir='ltr'>aliquid,</span> <span class='ocrx_word' id='word_1_61' title='bbox 431 651 547 706; x_wconf 90' lang='lat' dir='ltr'>quod</span> <span class='ocrx_word' id='word_1_62' title='bbox 579 649 679 691; x_wconf 89' lang='lat' dir='ltr'>odio</span> <span class='ocrx_word' id='word_1_63' title='bbox 711 651 907 691; x_wconf 83' lang='lat' dir='ltr'>haberet:</span> <span class='ocrx_word' id='word_1_64' title='bbox 949 665 1034 690; x_wconf 90' lang='lat' dir='ltr'>non</span> <span class='ocrx_word' id='word_1_65' title='bbox 1065 660 1206 691; x_wconf 82' lang='lat' dir='ltr'>tamen</span> <span class='ocrx_word' id='word_1_66' title='bbox 1246 650 1301 690; x_wconf 92' lang='lat' dir='ltr'>ob</span> <span class='ocrx_word' id='word_1_67' title='bbox 1333 650 1415 692; x_wconf 88' lang='lat' dir='ltr'>hoc</span> <span class='ocrx_word' id='word_1_68' title='bbox 1445 652 1643 697; x_wconf 83' lang='lat' dir='ltr'>similiter</span> 
     </span>
     <span class='ocr_line' id='line_1_9' title="bbox 206 726 1639 786; baseline 0.004 -18"><span class='ocrx_word' id='word_1_69' title='bbox 206 726 353 768; x_wconf 84' lang='lat' dir='ltr'>dilexit</span> <span class='ocrx_word' id='word_1_70' title='bbox 384 727 614 786; x_wconf 73' lang='lat' dir='ltr'>Aegyptios</span> <span class='ocrx_word' id='word_1_71' title='bbox 652 740 698 768; x_wconf 84' lang='lat' dir='ltr'>ut</span> <span class='ocrx_word' id='word_1_72' title='bbox 738 728 977 777; x_wconf 85' lang='lat' dir='ltr'>Hebraeos,</span> <span class='ocrx_word' id='word_1_73' title='bbox 1019 739 1059 768; x_wconf 83' lang='lat' dir='ltr'>et</span> <span class='ocrx_word' id='word_1_74' title='bbox 1098 728 1363 770; x_wconf 78' lang='lat' dir='ltr'>Pharaonem</span> <span class='ocrx_word' id='word_1_75' title='bbox 1401 741 1448 770; x_wconf 89' lang='lat' dir='ltr'>ut</span> <span class='ocrx_word' id='word_1_76' title='bbox 1486 732 1639 774; x_wconf 64' lang='lat' dir='ltr'>BIosen</span> 
     </span>
     <span class='ocr_line' id='line_1_10' title="bbox 208 805 1642 863; baseline 0.004 -17"><span class='ocrx_word' id='word_1_77' title='bbox 208 817 250 847; x_wconf 88' lang='lat' dir='ltr'>et</span> <span class='ocrx_word' id='word_1_78' title='bbox 278 807 433 849; x_wconf 87' lang='lat' dir='ltr'>Aaron.</span> <span class='ocrx_word' id='word_1_79' title='bbox 482 808 570 847; x_wconf 76' lang='lat' dir='ltr'>Nec</span> <span class='ocrx_word' id='word_1_80' title='bbox 603 823 745 848; x_wconf 84' lang='lat' dir='ltr'>rursus</span> <span class='ocrx_word' id='word_1_81' title='bbox 775 806 1021 863; x_wconf 81' lang='lat' dir='ltr'>reliqu0s³)</span> <span class='ocrx_word' id='word_1_82' title='bbox 1053 805 1164 846; x_wconf 82' lang='lat' dir='ltr'>filios</span> <span class='ocrx_word' id='word_1_83' title='bbox 1196 807 1325 847; x_wconf 77' lang='lat' dir='ltr'>Israel</span> <span class='ocrx_word' id='word_1_84' title='bbox 1355 807 1549 850; x_wconf 87' lang='lat' dir='ltr'>similiter</span> <span class='ocrx_word' id='word_1_85' title='bbox 1579 810 1642 852; x_wconf 85' lang='lat' dir='ltr'>di—</span> 
     </span>
     <span class='ocr_line' id='line_1_11' title="bbox 207 884 1640 930; baseline 0.003 -5"><span class='ocrx_word' id='word_1_86' title='bbox 207 884 309 925; x_wconf 77' lang='lat' dir='ltr'>lexit</span> <span class='ocrx_word' id='word_1_87' title='bbox 351 896 399 925; x_wconf 91' lang='lat' dir='ltr'>ut</span> <span class='ocrx_word' id='word_1_88' title='bbox 430 884 583 926; x_wconf 80' lang='lat' dir='ltr'>Mosen</span> <span class='ocrx_word' id='word_1_89' title='bbox 616 897 657 926; x_wconf 86' lang='lat' dir='ltr'>et</span> <span class='ocrx_word' id='word_1_90' title='bbox 686 889 829 926; x_wconf 76' lang='lat' dir='ltr'>Aaron</span> <span class='ocrx_word' id='word_1_91' title='bbox 872 895 913 925; x_wconf 88' lang='lat' dir='ltr'>et</span> <span class='ocrx_word' id='word_1_92' title='bbox 943 884 1145 925; x_wconf 82' lang='lat' dir='ltr'>Mariam:</span> <span class='ocrx_word' id='word_1_93' title='bbox 1190 900 1269 924; x_wconf 91' lang='lat' dir='ltr'>nec</span> <span class='ocrx_word' id='word_1_94' title='bbox 1309 884 1464 927; x_wconf 85' lang='lat' dir='ltr'>iterum</span> <span class='ocrx_word' id='word_1_95' title='bbox 1497 888 1640 930; x_wconf 81' lang='lat' dir='ltr'><strong>Aaron</strong></span> 
     </span>
     <span class='ocr_line' id='line_1_12' title="bbox 205 961 1638 1018; baseline 0.003 -15"><span class='ocrx_word' id='word_1_96' title='bbox 205 974 248 1004; x_wconf 86' lang='lat' dir='ltr'>et</span> <span class='ocrx_word' id='word_1_97' title='bbox 277 961 458 1004; x_wconf 80' lang='lat' dir='ltr'>Mariam</span> <span class='ocrx_word' id='word_1_98' title='bbox 488 962 684 1004; x_wconf 87' lang='lat' dir='ltr'>similiter</span> <span class='ocrx_word' id='word_1_99' title='bbox 716 962 862 1003; x_wconf 82' lang='lat' dir='ltr'>dilexit</span> <span class='ocrx_word' id='word_1_100' title='bbox 892 973 940 1003; x_wconf 90' lang='lat' dir='ltr'>ut</span> <span class='ocrx_word' id='word_1_101' title='bbox 971 963 1144 1013; x_wconf 82' lang='lat' dir='ltr'>Mosen,</span> <span class='ocrx_word' id='word_1_102' title='bbox 1177 963 1365 1018; x_wconf 82' lang='lat' dir='ltr'>quamvis</span> <span class='ocrx_word' id='word_1_103' title='bbox 1396 981 1543 1007; x_wconf 81' lang='lat' dir='ltr'>verum</span> <span class='ocrx_word' id='word_1_104' title='bbox 1573 967 1638 1018; x_wconf 81' lang='lat' dir='ltr'>sit,</span> 
     </span>
     <span class='ocr_line' id='line_1_13' title="bbox 204 1040 1641 1098; baseline 0.004 -17"><span class='ocrx_word' id='word_1_105' title='bbox 204 1052 252 1081; x_wconf 84' lang='lat' dir='ltr'>ut</span> <span class='ocrx_word' id='word_1_106' title='bbox 283 1040 438 1082; x_wconf 86' lang='lat' dir='ltr'>dicitur</span> <span class='ocrx_word' id='word_1_107' title='bbox 469 1041 523 1082; x_wconf 80' lang='lat' dir='ltr'>ad</span> <span class='ocrx_word' id='word_1_108' title='bbox 553 1056 670 1082; x_wconf 87' lang='lat' dir='ltr'>eum:</span> <span class='ocrx_word' id='word_1_109' title='bbox 701 1040 864 1097; x_wconf 79' lang='lat' dir='ltr'>„parcis</span> <span class='ocrx_word' id='word_1_110' title='bbox 884 1041 926 1097; x_wconf 79' lang='lat'>⁴)</span> <span class='ocrx_word' id='word_1_111' title='bbox 959 1052 1100 1081; x_wconf 79' lang='lat' dir='ltr'>autem</span> <span class='ocrx_word' id='word_1_112' title='bbox 1133 1040 1341 1091; x_wconf 88' lang='lat' dir='ltr'>omnibus,</span> <span class='ocrx_word' id='word_1_113' title='bbox 1375 1042 1471 1098; x_wconf 87' lang='lat' dir='ltr'>quia</span> <span class='ocrx_word' id='word_1_114' title='bbox 1501 1044 1641 1087; x_wconf 88' lang='lat' dir='ltr'>omnia</span> 
     </span>
     <span class='ocr_line' id='line_1_14' title="bbox 203 1119 1641 1175; baseline 0.004 -17"><span class='ocrx_word' id='word_1_115' title='bbox 203 1128 276 1158; x_wconf 76' lang='lat' dir='ltr'>tua</span> <span class='ocrx_word' id='word_1_116' title='bbox 316 1130 412 1159; x_wconf 87' lang='lat' dir='ltr'>sunt</span> <span class='ocrx_word' id='word_1_117' title='bbox 441 1119 653 1169; x_wconf 78' lang='lat' dir='ltr'>Domine,</span> <span class='ocrx_word' id='word_1_118' title='bbox 695 1130 858 1160; x_wconf 78' lang='lat' dir='ltr'>amator</span> <span class='ocrx_word' id='word_1_119' title='bbox 901 1119 1147 1160; x_wconf 81' lang='lat' dir='ltr'>animarum.</span> <span class='ocrx_word' id='word_1_120' title='bbox 1211 1119 1394 1175; x_wconf 83' lang='lat' dir='ltr'><strong>Spiritus</strong></span> <span class='ocrx_word' id='word_1_121' title='bbox 1436 1121 1641 1164; x_wconf 84' lang='lat' dir='ltr'>enimin-</span> 
     </span>
     <span class='ocr_line' id='line_1_15' title="bbox 207 1196 1642 1253; baseline 0.006 -18"><span class='ocrx_word' id='word_1_122' title='bbox 207 1196 492 1252; x_wconf 80' lang='lat' dir='ltr'>corruptionis</span> <span class='ocrx_word' id='word_1_123' title='bbox 525 1208 585 1238; x_wconf 86' lang='lat' dir='ltr'>est</span> <span class='ocrx_word' id='word_1_124' title='bbox 616 1197 659 1238; x_wconf 86' lang='lat' dir='ltr'>in</span> <span class='ocrx_word' id='word_1_125' title='bbox 691 1197 947 1238; x_wconf 82' lang='lat' dir='ltr'>omnibus:“</span> <span class='ocrx_word' id='word_1_126' title='bbox 978 1209 1120 1239; x_wconf 84' lang='lat' dir='ltr'>tamen</span> <span class='ocrx_word' id='word_1_127' title='bbox 1150 1196 1238 1247; x_wconf 82' lang='lat' dir='ltr'>ille,</span> <span class='ocrx_word' id='word_1_128' title='bbox 1271 1197 1343 1253; x_wconf 86' lang='lat' dir='ltr'>qui</span> <span class='ocrx_word' id='word_1_129' title='bbox 1373 1215 1570 1241; x_wconf 82' lang='lat' dir='ltr'>mensura</span> <span class='ocrx_word' id='word_1_130' title='bbox 1601 1213 1642 1243; x_wconf 87' lang='lat' dir='ltr'>et</span> 
     </span>
     <span class='ocr_line' id='line_1_16' title="bbox 203 1274 1640 1331; baseline 0.004 -17"><span class='ocrx_word' id='word_1_131' title='bbox 203 1289 383 1316; x_wconf 90' lang='lat' dir='ltr'>numero</span> <span class='ocrx_word' id='word_1_132' title='bbox 416 1286 458 1316; x_wconf 89' lang='lat' dir='ltr'>et</span> <span class='ocrx_word' id='word_1_133' title='bbox 486 1276 677 1331; x_wconf 90' lang='lat' dir='ltr'>pondere</span> <span class='ocrx_word' id='word_1_134' title='bbox 710 1274 919 1331; x_wconf 71' lang='lat' dir='ltr'>disposuit</span> <span class='ocrx_word' id='word_1_135' title='bbox 950 1275 1105 1325; x_wconf 84' lang='lat' dir='ltr'>omnia,</span> <span class='ocrx_word' id='word_1_136' title='bbox 1138 1276 1371 1317; x_wconf 88' lang='lat' dir='ltr'>secundum</span> <span class='ocrx_word' id='word_1_137' title='bbox 1401 1293 1640 1320; x_wconf 82' lang='lat' dir='ltr'>mensuram</span> 
     </span>
     <span class='ocr_line' id='line_1_17' title="bbox 202 1350 1640 1411; baseline 0.005 -19"><span class='ocrx_word' id='word_1_138' title='bbox 202 1350 293 1392; x_wconf 83' lang='lat' dir='ltr'>sine</span> <span class='ocrx_word' id='word_1_139' title='bbox 337 1352 468 1394; x_wconf 85' lang='lat' dir='ltr'>dubio</span> <span class='ocrx_word' id='word_1_140' title='bbox 514 1351 845 1411; x_wconf 84' lang='lat' dir='ltr'>uniuscujusque</span> <span class='ocrx_word' id='word_1_141' title='bbox 884 1354 1136 1395; x_wconf 88' lang='lat' dir='ltr'>meritorum</span> <span class='ocrx_word' id='word_1_142' title='bbox 1180 1366 1220 1395; x_wconf 84' lang='lat' dir='ltr'>et</span> <span class='ocrx_word' id='word_1_143' title='bbox 1260 1353 1501 1397; x_wconf 85' lang='lat' dir='ltr'>dilectionis</span> <span class='ocrx_word' id='word_1_144' title='bbox 1542 1374 1640 1399; x_wconf 84' lang='lat' dir='ltr'>suae</span> 
     </span>
     <span class='ocr_line' id='line_1_18' title="bbox 203 1430 1640 1489; baseline 0.004 -19"><span class='ocrx_word' id='word_1_145' title='bbox 203 1439 413 1485; x_wconf 77' lang='lat' dir='ltr'>temperat</span> <span class='ocrx_word' id='word_1_146' title='bbox 442 1430 605 1472; x_wconf 78' lang='lat' dir='ltr'>libram.</span> <span class='ocrx_word' id='word_1_147' title='bbox 666 1431 890 1487; x_wconf 75' lang='lat' dir='ltr'>Numquid</span> <span class='ocrx_word' id='word_1_148' title='bbox 919 1448 1007 1473; x_wconf 88' lang='lat' dir='ltr'>non</span> <span class='ocrx_word' id='word_1_149' title='bbox 1037 1431 1302 1488; x_wconf 84' lang='lat' dir='ltr'>putabimus,</span> <span class='ocrx_word' id='word_1_150' title='bbox 1344 1432 1441 1489; x_wconf 82' lang='lat' dir='ltr'>quia</span> <span class='ocrx_word' id='word_1_151' title='bbox 1470 1450 1557 1476; x_wconf 91' lang='lat' dir='ltr'>non</span> <span class='ocrx_word' id='word_1_152' title='bbox 1587 1435 1640 1477; x_wconf 41' lang='lat' dir='ltr'>si*</span> 
     </span>
     <span class='ocr_line' id='line_1_19' title="bbox 204 1506 1641 1568; baseline 0.006 -21"><span class='ocrx_word' id='word_1_153' title='bbox 204 1506 363 1551; x_wconf 78' lang='lat' dir='ltr'>militer</span> <span class='ocrx_word' id='word_1_154' title='bbox 400 1509 451 1549; x_wconf 84' lang='lat' dir='ltr'>ab</span> <span class='ocrx_word' id='word_1_155' title='bbox 493 1525 544 1549; x_wconf 93' lang='lat' dir='ltr'>eo</span> <span class='ocrx_word' id='word_1_156' title='bbox 589 1508 768 1550; x_wconf 87' lang='lat' dir='ltr'>dilectus</span> <span class='ocrx_word' id='word_1_157' title='bbox 810 1521 871 1550; x_wconf 88' lang='lat' dir='ltr'>est</span> <span class='ocrx_word' id='word_1_158' title='bbox 899 1509 1137 1565; x_wconf 83' lang='lat' dir='ltr'>Paulus⁵)‚</span> <span class='ocrx_word' id='word_1_159' title='bbox 1181 1526 1276 1550; x_wconf 89' lang='lat' dir='ltr'>cum</span> <span class='ocrx_word' id='word_1_160' title='bbox 1315 1524 1641 1568; x_wconf 87' lang='lat' dir='ltr'>persequeretur</span> 
     </span>
     <span class='ocr_line' id='line_1_20' title="bbox 204 1585 1639 1647; baseline 0.005 -21"><span class='ocrx_word' id='word_1_161' title='bbox 204 1585 425 1627; x_wconf 81' lang='lat' dir='ltr'>ecclesiam</span> <span class='ocrx_word' id='word_1_162' title='bbox 455 1586 562 1638; x_wconf 90' lang='lat' dir='ltr'>Dei,</span> <span class='ocrx_word' id='word_1_163' title='bbox 604 1587 711 1628; x_wconf 85' lang='lat' dir='ltr'>sicut</span> <span class='ocrx_word' id='word_1_164' title='bbox 754 1586 1027 1641; x_wconf 79' lang='lat' dir='ltr'>diligebatur,</span> <span class='ocrx_word' id='word_1_165' title='bbox 1070 1588 1172 1628; x_wconf 86' lang='lat' dir='ltr'>dum</span> <span class='ocrx_word' id='word_1_166' title='bbox 1210 1587 1300 1644; x_wconf 86' lang='lat' dir='ltr'>ipse</span> <span class='ocrx_word' id='word_1_167' title='bbox 1338 1605 1418 1645; x_wconf 89' lang='lat' dir='ltr'>pro</span> <span class='ocrx_word' id='word_1_168' title='bbox 1460 1607 1507 1633; x_wconf 80' lang='lat' dir='ltr'>ea</span> <span class='ocrx_word' id='word_1_169' title='bbox 1544 1608 1639 1647; x_wconf 49' lang='lat' dir='ltr'>per*</span> 
     </span>
     <span class='ocr_line' id='line_1_21' title="bbox 204 1663 1637 1722; baseline 0.005 -18"><span class='ocrx_word' id='word_1_170' title='bbox 204 1663 465 1715; x_wconf 85' lang='lat' dir='ltr'>secutiones,</span> <span class='ocrx_word' id='word_1_171' title='bbox 505 1664 797 1722; x_wconf 78' lang='lat' dir='ltr'>cruciatusque</span> <span class='ocrx_word' id='word_1_172' title='bbox 828 1665 1060 1716; x_wconf 80' lang='lat' dir='ltr'>tolerabat,</span> <span class='ocrx_word' id='word_1_173' title='bbox 1101 1677 1142 1707; x_wconf 88' lang='lat' dir='ltr'>et</span> <span class='ocrx_word' id='word_1_174' title='bbox 1174 1665 1360 1716; x_wconf 81' lang='lat' dir='ltr'>dicebat,</span> <span class='ocrx_word' id='word_1_175' title='bbox 1394 1666 1474 1708; x_wconf 87' lang='lat' dir='ltr'>sibi</span> <span class='ocrx_word' id='word_1_176' title='bbox 1504 1667 1637 1711; x_wconf 85' lang='lat' dir='ltr'>inesse</span> 
     </span>
     <span class='ocr_line' id='line_1_22' title="bbox 204 1739 1638 1799; baseline 0.006 -18"><span class='ocrx_word' id='word_1_177' title='bbox 204 1739 542 1783; x_wconf 86' lang='lat' dir='ltr'>sollicitudinem</span> <span class='ocrx_word' id='word_1_178' title='bbox 581 1742 774 1784; x_wconf 87' lang='lat' dir='ltr'>omnium</span> <span class='ocrx_word' id='word_1_179' title='bbox 813 1743 1119 1784; x_wconf 83' lang='lat' dir='ltr'>ecclesiarum?</span> <span class='ocrx_word' id='word_1_180' title='bbox 1176 1743 1366 1785; x_wconf 84' lang='lat' dir='ltr'>Multum</span> <span class='ocrx_word' id='word_1_181' title='bbox 1410 1756 1471 1787; x_wconf 86' lang='lat' dir='ltr'>est</span> <span class='ocrx_word' id='word_1_182' title='bbox 1513 1763 1638 1799; x_wconf 89' lang='lat' dir='ltr'>nuuc,</span> 
     </span>
     <span class='ocr_line' id='line_1_23' title="bbox 203 1818 1640 1878; baseline 0.006 -19"><span class='ocrx_word' id='word_1_183' title='bbox 203 1829 253 1859; x_wconf 85' lang='lat' dir='ltr'>ut</span> <span class='ocrx_word' id='word_1_184' title='bbox 295 1818 406 1860; x_wconf 84' lang='lat' dir='ltr'>inter</span> <span class='ocrx_word' id='word_1_185' title='bbox 443 1818 546 1862; x_wconf 85' lang='lat' dir='ltr'>istos</span> <span class='ocrx_word' id='word_1_186' title='bbox 588 1820 757 1862; x_wconf 79' lang='lat' dir='ltr'>ordInes</span> <span class='ocrx_word' id='word_1_187' title='bbox 791 1820 972 1863; x_wconf 78' lang='lat' dir='ltr'>caritatis</span> <span class='ocrx_word' id='word_1_188' title='bbox 1016 1821 1141 1862; x_wconf 83' lang='lat' dir='ltr'>etiam</span> <span class='ocrx_word' id='word_1_189' title='bbox 1183 1822 1236 1862; x_wconf 88' lang='lat' dir='ltr'>de</span> <span class='ocrx_word' id='word_1_190' title='bbox 1274 1823 1432 1864; x_wconf 83' lang='lat' dir='ltr'>affectu</span> <span class='ocrx_word' id='word_1_191' title='bbox 1453 1821 1494 1878; x_wconf 69' lang='grc'>6)</span> <span class='ocrx_word' id='word_1_192' title='bbox 1537 1825 1640 1877; x_wconf 86' lang='lat' dir='ltr'>odii,</span> 
     </span>
     <span class='ocr_line' id='line_1_24' title="bbox 205 1895 1640 1958; baseline 0.006 -22"><span class='ocrx_word' id='word_1_193' title='bbox 205 1895 281 1952; x_wconf 84' lang='lat' dir='ltr'>qui</span> <span class='ocrx_word' id='word_1_194' title='bbox 310 1895 479 1939; x_wconf 85' lang='lat' dir='ltr'>videtur</span> <span class='ocrx_word' id='word_1_195' title='bbox 509 1898 814 1942; x_wconf 29' lang='lat' dir='ltr'>huicfcaritatis</span> <span class='ocrx_word' id='word_1_196' title='bbox 840 1898 1072 1951; x_wconf 79' lang='lat' dir='ltr'>affectui7)</span> <span class='ocrx_word' id='word_1_197' title='bbox 1109 1899 1355 1952; x_wconf 74' lang='lat' dir='ltr'>contrarius,</span> <span class='ocrx_word' id='word_1_198' title='bbox 1387 1901 1640 1958; x_wconf 77' lang='lat' dir='ltr'>inseramus;</span> 
     </span>
     <span class='ocr_line' id='line_1_25' title="bbox 205 1973 1638 2034; baseline 0.005 -19"><span class='ocrx_word' id='word_1_199' title='bbox 205 1973 303 2031; x_wconf 82' lang='lat' dir='ltr'>quia</span> <span class='ocrx_word' id='word_1_200' title='bbox 333 1974 459 2017; x_wconf 82' lang='lat' dir='ltr'>etiam</span> <span class='ocrx_word' id='word_1_201' title='bbox 489 1977 701 2019; x_wconf 86' lang='lat' dir='ltr'>Dominus</span> <span class='ocrx_word' id='word_1_202' title='bbox 732 1977 853 2019; x_wconf 83' lang='lat' dir='ltr'>dicit:</span> <span class='ocrx_word' id='word_1_203' title='bbox 894 1977 1128 2028; x_wconf 83' lang='lat' dir='ltr'>„inimicus</span> <span class='ocrx_word' id='word_1_204' title='bbox 1144 1979 1186 2034; x_wconf 54' lang='grc' dir='ltr'>Β)</span> <span class='ocrx_word' id='word_1_205' title='bbox 1227 1994 1298 2018; x_wconf 88' lang='lat' dir='ltr'>ero</span> <span class='ocrx_word' id='word_1_206' title='bbox 1331 1978 1513 2022; x_wconf 79' lang='lat' dir='ltr'>inimicis</span> <span class='ocrx_word' id='word_1_207' title='bbox 1543 1981 1638 2033; x_wconf 85' lang='lat' dir='ltr'>tuis,</span> 
     </span>
     <span class='ocr_line' id='line_1_26' title="bbox 205 2053 1639 2115; baseline 0.006 -22"><span class='ocrx_word' id='word_1_208' title='bbox 205 2063 249 2093; x_wconf 83' lang='lat' dir='ltr'>et</span> <span class='ocrx_word' id='word_1_209' title='bbox 276 2053 532 2096; x_wconf 83' lang='lat' dir='ltr'>adversabor</span> <span class='ocrx_word' id='word_1_210' title='bbox 562 2056 808 2099; x_wconf 77' lang='lat' dir='ltr'>adversariis</span> <span class='ocrx_word' id='word_1_211' title='bbox 838 2056 966 2099; x_wconf 89' lang='lat' dir='ltr'>tuis.“</span> <span class='ocrx_word' id='word_1_212' title='bbox 1025 2057 1081 2098; x_wconf 86' lang='lat' dir='ltr'>Et</span> <span class='ocrx_word' id='word_1_213' title='bbox 1113 2056 1290 2098; x_wconf 87' lang='lat' dir='ltr'>iterum:</span> <span class='ocrx_word' id='word_1_214' title='bbox 1334 2056 1404 2108; x_wconf 89' lang='lat' dir='ltr'>„si</span> <span class='ocrx_word' id='word_1_215' title='bbox 1419 2058 1460 2114; x_wconf 82' lang='lat'>9)</span> <span class='ocrx_word' id='word_1_216' title='bbox 1490 2075 1639 2115; x_wconf 85' lang='lat' dir='ltr'>pecca-</span> 
     </span>
     <span class='ocr_line' id='line_1_27' title="bbox 203 2129 1638 2191; baseline 0.005 -19"><span class='ocrx_word' id='word_1_217' title='bbox 203 2129 290 2172; x_wconf 84' lang='lat' dir='ltr'>tori</span> <span class='ocrx_word' id='word_1_218' title='bbox 319 2142 365 2173; x_wconf 92' lang='lat' dir='ltr'>tu</span> <span class='ocrx_word' id='word_1_219' title='bbox 403 2132 590 2184; x_wconf 81' lang='lat' dir='ltr'>adsistis,</span> <span class='ocrx_word' id='word_1_220' title='bbox 632 2146 673 2175; x_wconf 86' lang='lat' dir='ltr'>et</span> <span class='ocrx_word' id='word_1_221' title='bbox 704 2134 765 2184; x_wconf 88' lang='lat' dir='ltr'>ei,</span> <span class='ocrx_word' id='word_1_222' title='bbox 808 2151 933 2191; x_wconf 90' lang='lat' dir='ltr'>quem</span> <span class='ocrx_word' id='word_1_223' title='bbox 966 2134 1058 2176; x_wconf 86' lang='lat' dir='ltr'>odit</span> <span class='ocrx_word' id='word_1_224' title='bbox 1086 2134 1324 2186; x_wconf 87' lang='lat' dir='ltr'>Dominus,</span> <span class='ocrx_word' id='word_1_225' title='bbox 1363 2135 1523 2178; x_wconf 79' lang='lat' dir='ltr'>amicus</span> <span class='ocrx_word' id='word_1_226' title='bbox 1554 2143 1638 2179; x_wconf 87' lang='lat' dir='ltr'>es.“</span> 
     </span>
     <span class='ocr_line' id='line_1_28' title="bbox 207 2208 1638 2270; baseline 0.005 -20"><span class='ocrx_word' id='word_1_227' title='bbox 207 2208 330 2264; x_wconf 78' lang='lat' dir='ltr'>Quae</span> <span class='ocrx_word' id='word_1_228' title='bbox 359 2210 507 2268; x_wconf 87' lang='lat' dir='ltr'>utique</span> <span class='ocrx_word' id='word_1_229' title='bbox 546 2211 652 2253; x_wconf 81' lang='lat' dir='ltr'>hanc</span> <span class='ocrx_word' id='word_1_230' title='bbox 693 2213 847 2254; x_wconf 75' lang='lat' dir='ltr'>habent</span> <span class='ocrx_word' id='word_1_231' title='bbox 890 2212 1228 2265; x_wconf 81' lang='lat' dir='ltr'>absolutionem,</span> <span class='ocrx_word' id='word_1_232' title='bbox 1268 2230 1393 2270; x_wconf 80' lang='lat' dir='ltr'>quam</span> <span class='ocrx_word' id='word_1_233' title='bbox 1433 2226 1475 2256; x_wconf 87' lang='lat' dir='ltr'>et</span> <span class='ocrx_word' id='word_1_234' title='bbox 1513 2215 1638 2267; x_wconf 87' lang='lat' dir='ltr'>illud,</span> 
     </span>
    </p>
   </div>
   <div class='ocr_carea' id='block_1_3' title="bbox 207 2288 1636 2350">
    <p class='ocr_par' dir='ltr' id='par_1_3' title="bbox 207 2288 1636 2350">
     <span class='ocr_line' id='line_1_29' title="bbox 207 2288 1636 2350; baseline 0.005 -20"><span class='ocrx_word' id='word_1_235' title='bbox 207 2289 325 2344; x_wconf 88' lang='lat' dir='ltr'>quod</span> <span class='ocrx_word' id='word_1_236' title='bbox 355 2288 518 2332; x_wconf 84' lang='lat' dir='ltr'>dictum</span> <span class='ocrx_word' id='word_1_237' title='bbox 557 2301 638 2332; x_wconf 84' lang='lat' dir='ltr'>est:</span> <span class='ocrx_word' id='word_1_238' title='bbox 689 2292 979 2349; x_wconf 82' lang='lat' dir='ltr'>,‚honora¹⁰)</span> <span class='ocrx_word' id='word_1_239' title='bbox 1018 2302 1182 2350; x_wconf 76' lang='lat' dir='ltr'>patrem</span> <span class='ocrx_word' id='word_1_240' title='bbox 1219 2304 1340 2335; x_wconf 84' lang='lat' dir='ltr'>tuum</span> <span class='ocrx_word' id='word_1_241' title='bbox 1379 2305 1421 2336; x_wconf 84' lang='lat' dir='ltr'>et</span> <span class='ocrx_word' id='word_1_242' title='bbox 1459 2306 1636 2338; x_wconf 82' lang='lat' dir='ltr'>matrem</span> 
     </span>
    </p>
   </div>
   <div class='ocr_carea' id='block_1_4' title="bbox 318 2430 1516 2913">
    <p class='ocr_par' dir='ltr' id='par_1_4' title="bbox 325 2430 969 2486">
     <span class='ocr_line' id='line_1_30' title="bbox 325 2430 969 2486; baseline 0.006 -15"><span class='ocrx_word' id='word_1_243' title='bbox 325 2430 366 2486; x_wconf 89' lang='lat'>¹)</span> <span class='ocrx_word' id='word_1_244' title='bbox 396 2431 531 2473; x_wconf 84' lang='lat' dir='ltr'>Deest</span> <span class='ocrx_word' id='word_1_245' title='bbox 560 2437 675 2482; x_wconf 87' lang='lat' dir='ltr'>„et“</span> <span class='ocrx_word' id='word_1_246' title='bbox 707 2431 750 2474; x_wconf 88' lang='lat' dir='ltr'>in</span> <span class='ocrx_word' id='word_1_247' title='bbox 783 2435 877 2477; x_wconf 81' lang='lat' dir='ltr'>edd.</span> <span class='ocrx_word' id='word_1_248' title='bbox 907 2433 969 2476; x_wconf 83' lang='lat' dir='ltr'>M.</span> 
     </span>
    </p>

    <p class='ocr_par' dir='ltr' id='par_1_5' title="bbox 321 2501 1404 2563">
     <span class='ocr_line' id='line_1_31' title="bbox 321 2501 1404 2563; baseline 0.007 -21"><span class='ocrx_word' id='word_1_249' title='bbox 321 2501 364 2558; x_wconf 73' lang='grc'>2)</span> <span class='ocrx_word' id='word_1_250' title='bbox 395 2502 506 2543; x_wconf 83' lang='lat' dir='ltr'>Edd.</span> <span class='ocrx_word' id='word_1_251' title='bbox 537 2503 599 2544; x_wconf 86' lang='lat' dir='ltr'>M.</span> <span class='ocrx_word' id='word_1_252' title='bbox 632 2520 792 2554; x_wconf 89' lang='lat' dir='ltr'>„suum</span> <span class='ocrx_word' id='word_1_253' title='bbox 824 2521 1035 2563; x_wconf 80' lang='lat' dir='ltr'>quemque</span> <span class='ocrx_word' id='word_1_254' title='bbox 1066 2507 1267 2549; x_wconf 87' lang='lat' dir='ltr'>meritum</span> <span class='ocrx_word' id='word_1_255' title='bbox 1281 2514 1304 2533; x_wconf 74' lang='lat'>‘⁶</span> <span class='ocrx_word' id='word_1_256' title='bbox 1328 2519 1404 2550; x_wconf 86' lang='lat' dir='ltr'>etc.</span> 
     </span>
    </p>

    <p class='ocr_par' dir='ltr' id='par_1_6' title="bbox 320 2572 874 2632">
     <span class='ocr_line' id='line_1_32' title="bbox 320 2572 874 2632; baseline 0.007 -19"><span class='ocrx_word' id='word_1_257' title='bbox 320 2572 364 2629; x_wconf 83' lang='lat'>³)</span> <span class='ocrx_word' id='word_1_258' title='bbox 395 2573 505 2615; x_wconf 90' lang='lat' dir='ltr'>Edd.</span> <span class='ocrx_word' id='word_1_259' title='bbox 536 2575 598 2616; x_wconf 83' lang='lat' dir='ltr'>M.</span> <span class='ocrx_word' id='word_1_260' title='bbox 630 2574 874 2632; x_wconf 79' lang='lat' dir='ltr'>„aliquos.“</span> 
     </span>
    </p>

    <p class='ocr_par' dir='ltr' id='par_1_7' title="bbox 320 2642 1113 2701">
     <span class='ocr_line' id='line_1_33' title="bbox 320 2642 1113 2701; baseline 0.004 -16"><span class='ocrx_word' id='word_1_261' title='bbox 320 2642 364 2699; x_wconf 68' lang='grc'>4)</span> <span class='ocrx_word' id='word_1_262' title='bbox 395 2643 493 2701; x_wconf 81' lang='lat' dir='ltr'>Sap.</span> <span class='ocrx_word' id='word_1_263' title='bbox 526 2644 612 2687; x_wconf 78' lang='lat' dir='ltr'>Sal.</span> <span class='ocrx_word' id='word_1_264' title='bbox 642 2645 727 2696; x_wconf 92' lang='lat' dir='ltr'>XI,</span> <span class='ocrx_word' id='word_1_265' title='bbox 757 2644 825 2689; x_wconf 82' lang='grc'>26.</span> <span class='ocrx_word' id='word_1_266' title='bbox 859 2658 899 2687; x_wconf 91' lang='lat' dir='ltr'>et</span> <span class='ocrx_word' id='word_1_267' title='bbox 928 2647 1015 2688; x_wconf 90' lang='lat' dir='ltr'>XII</span> <span class='ocrx_word' id='word_1_268' title='bbox 1034 2679 1045 2697; x_wconf 90' lang='lat'>,</span> <span class='ocrx_word' id='word_1_269' title='bbox 1077 2647 1113 2692; x_wconf 93' lang='lat'>1.</span> 
     </span>
    </p>

    <p class='ocr_par' dir='ltr' id='par_1_8' title="bbox 318 2714 1516 2913">
     <span class='ocr_line' id='line_1_34' title="bbox 320 2714 1456 2774; baseline 0.005 -18"><span class='ocrx_word' id='word_1_270' title='bbox 320 2715 363 2770; x_wconf 86' lang='lat'>⁵)</span> <span class='ocrx_word' id='word_1_271' title='bbox 396 2714 482 2757; x_wconf 87' lang='lat' dir='ltr'><strong>Cfr.</strong></span> <span class='ocrx_word' id='word_1_272' title='bbox 514 2716 558 2756; x_wconf 90' lang='lat' dir='ltr'>II</span> <span class='ocrx_word' id='word_1_273' title='bbox 577 2714 675 2757; x_wconf 89' lang='lat' dir='ltr'>Cor.</span> <span class='ocrx_word' id='word_1_274' title='bbox 705 2715 782 2757; x_wconf 88' lang='lat' dir='ltr'>XI.</span> <span class='ocrx_word' id='word_1_275' title='bbox 905 2717 948 2774; x_wconf 78' lang='lat'>⁶)</span> <span class='ocrx_word' id='word_1_276' title='bbox 978 2716 1086 2760; x_wconf 86' lang='lat' dir='ltr'>Edd.</span> <span class='ocrx_word' id='word_1_277' title='bbox 1118 2719 1180 2760; x_wconf 85' lang='lat' dir='ltr'>M.</span> <span class='ocrx_word' id='word_1_278' title='bbox 1214 2720 1456 2770; x_wconf 81' lang='lat' dir='ltr'>„efsectu.“</span> 
     </span>
     <span class='ocr_line' id='line_1_35' title="bbox 323 2774 1516 2845; baseline 0.006 -20"><span class='ocrx_word' id='word_1_279' title='bbox 323 2785 364 2841; x_wconf 82' lang='grc'>7)</span> <span class='ocrx_word' id='word_1_280' title='bbox 394 2785 501 2826; x_wconf 83' lang='lat' dir='ltr'><strong>Edd.</strong></span> <span class='ocrx_word' id='word_1_281' title='bbox 532 2785 594 2827; x_wconf 88' lang='lat' dir='ltr'>M.</span> <span class='ocrx_word' id='word_1_282' title='bbox 625 2817 650 2837; x_wconf 88' lang='lat'>,‚</span> <span class='ocrx_word' id='word_1_283' title='bbox 665 2774 849 2827; x_wconf 70' lang='lat' dir='ltr'>effectui.</span> <span class='ocrx_word' id='word_1_284' title='bbox 863 2792 887 2810; x_wconf 58' lang='grc' dir='ltr'>ιι</span> <span class='ocrx_word' id='word_1_285' title='bbox 1006 2787 1048 2845; x_wconf 75' lang='grc'>8)</span> <span class='ocrx_word' id='word_1_286' title='bbox 1080 2788 1214 2830; x_wconf 67' lang='lat' dir='ltr'><strong>Exod.</strong></span> <span class='ocrx_word' id='word_1_287' title='bbox 1246 2789 1419 2840; x_wconf 77' lang='lat' dir='ltr'>xxm,</span> <span class='ocrx_word' id='word_1_288' title='bbox 1450 2789 1516 2832; x_wconf 84' lang='lat'>22.</span> 
     </span>
     <span class='ocr_line' id='line_1_36' title="bbox 318 2854 1433 2913; baseline 0.004 -18"><span class='ocrx_word' id='word_1_289' title='bbox 318 2854 359 2908; x_wconf 79' lang='lat'>9)</span> <span class='ocrx_word' id='word_1_290' title='bbox 394 2855 435 2896; x_wconf 92' lang='grc' dir='ltr'>ΙΙ</span> <span class='ocrx_word' id='word_1_291' title='bbox 458 2855 614 2898; x_wconf 84' lang='lat' dir='ltr'>Chron.</span> <span class='ocrx_word' id='word_1_292' title='bbox 645 2856 774 2908; x_wconf 89' lang='lat' dir='ltr'>XIX,</span> <span class='ocrx_word' id='word_1_293' title='bbox 804 2856 844 2900; x_wconf 87' lang='lat'>2.</span> <span class='ocrx_word' id='word_1_294' title='bbox 968 2858 1034 2913; x_wconf 87' lang='lat'>¹⁰)</span> <span class='ocrx_word' id='word_1_295' title='bbox 1065 2858 1201 2902; x_wconf 85' lang='lat' dir='ltr'>Exod.</span> <span class='ocrx_word' id='word_1_296' title='bbox 1230 2859 1336 2911; x_wconf 90' lang='lat' dir='ltr'>XX,</span> <span class='ocrx_word' id='word_1_297' title='bbox 1369 2858 1433 2902; x_wconf 81' lang='lat'>12.</span> 
     </span>
    </p>
   </div>
  </div>
 </body>
</html>
