1763 3112
653 92 850 133 HonrnuA
880 92 975 131 ΧΗ.
1437 91 1521 136 235

111 210 302 266 δομένης
332 206 503 263 ἑκάστῳ
532 207 625 249 τῶν
651 199 1006 263 ἁμαρτημάτων.
1061 198 1172 244 Ἐάν
1202 201 1252 244 δὲ
1282 201 1416 252 καλὸς
1444 207 1522 247 καὶ

110 284 288 344 ἀγαθὸς
314 277 363 346 ᾖς
386 281 502 338 ὅλος,
535 285 700 340 λέγεις·
726 277 983 337 ,,ποτήριον
1000 278 1039 335 ¹)
1059 281 1280 333 σωτηρίου
1294 277 1518 337 λήψομαι,

110 366 188 406 καὶ
215 362 266 406 τὸ
297 358 444 418 ὄνομα
487 365 643 417 κυρίου
683 356 1059 412 ἐπικαλέσομαιέί
1115 358 1216 404 Πᾶς
1246 349 1330 400 οὖν
1370 356 1519 413 ἀσκὸς,

109 443 198 484 εἴτε
220 436 368 493 καλὸς,
401 441 487 482 εἴτε
513 434 746 494 μοχθηρὸς
774 431 1116 494 πληρωθήσεται
1142 437 1284 487 οἴνου,
1316 434 1522 478 καὶκατὰ

108 514 191 569 τῆν
220 511 556 570 ἐπιτηδειότητα
591 515 670 557 τοῦ
707 512 851 556 ἀσκοῦ
894 506 1016 559 οἶνος
1052 508 1323 566 βληθήσεται
1353 513 1414 559 εἰς
1442 509 1522 555 τὸν

107 590 254 635 οἷσκόν
297 590 409 636 κατὰ
457 590 536 635 τὸν
586 587 727 647 λόγον
777 591 866 632 τῶν
916 589 1115 632 ἐνταῦθα
1170 587 1522 644 ὀνομαζομένων

109 667 276 712 ἀσκῶν.
326 663 515 712 ’Έλαιον
545 659 628 711 οὖν
658 666 709 711 οὐ
738 664 947 722 βάλλεται
980 669 1042 714 εἷς
1069 664 1172 714 τοῦς
1201 664 1382 721 άσκοῦς,
1416 665 1522 710 οὐδὲ

109 739 221 800 άλλη
258 761 321 794 τις
357 743 477 803 ὑγρὰ
515 741 613 800 ὕλη,
652 742 765 787 ἀλλά
792 741 943 788 πάντα
973 741 1116 786 ἀσκὸν
1146 744 1220 786 δεῖ
1247 747 1374 788 οἴνου
1403 746 1523 798 πλη-

109 823 328 880 ρωθῆναι.

222 897 260 941 3.
291 895 407 941 Εἶτα
437 896 642 943 διδάσκει
672 897 748 941 διὰ
764 897 865 948 τοὺς
886 896 1247 955 ἁμαρτήσαντας,
1282 896 1392 943 ὅσον
1409 896 1522 943 κατὰ

108 973 156 1018 τὸ
188 973 345 1034 ῥητὸν,
387 976 438 1019 ἐν
476 978 525 1034 τῇ
561 974 850 1033 Ἰερουσαλὴμ
888 973 987 1019 τότε
1028 978 1105 1018 καὶ
1143 977 1194 1019 ἓν
1231 978 1281 1036 τῇ
1306 974 1520 1032 Ἰουδαίᾳ,

106 1055 318 1096 ποταποῦ
349 1056 477 1096 οἴνου
503 1055 657 1108 μέλλει
683 1055 888 1111 πληροῦν
916 1050 938 1095 ὁ
956 1051 1062 1102 θεὸς
1090 1052 1192 1102 τούς
1223 1051 1390 1102 άσκοῦς
1417 1052 1525 1097 τού-

106 1146 209 1179 τους
236 1128 340 1179 τοὺς
370 1127 676 1188 ἁμαρτωλούς.
731 1133 989 1186 Γέγραπται
1017 1129 1131 1188 γάρ·
1158 1129 1333 1186 ,,ἒὰν2)
1364 1134 1523 1176 εἴπωσι

108 1204 223 1263 πρὸς
252 1210 322 1250 σέ·
353 1206 417 1264 μὴ
446 1205 631 1264 γνόντες
662 1206 713 1251 οὐ
738 1205 1032 1263 γνωσόμεθα,
1066 1205 1131 1250 ὅτι
1147 1210 1236 1256 πᾶς
1249 1207 1389 1257 ἀσκὸς
1405 1212 1524 1263 πλη-

110 1281 364 1340 ρωθήσεται
394 1287 542 1338 οἴνου,·
603 1287 696 1327 Καὶ
737 1285 851 1340 ἐρεῖς
887 1282 1001 1340 πρὸς
1040 1280 1225 1332 αὐτούς·
1267 1282 1375 1329 τάδε
1403 1287 1523 1343 λέγει

108 1359 283 1421 κύριος·
314 1361 432 1416 ἰδοὺ,
465 1360 554 1418 ἐγώ
582 1362 739 1419 πληρῶ
768 1358 942 1409 πάντας
970 1358 1073 1409 τοῦς
1092 1364 1413 1411 κατοικοῦντας
1441 1361 1524 1417 τὴν

108 1440 197 1494 γῆν
224 1435 412 1493 ταύτην,
464 1441 542 1481 καὶ
578 1436 682 1486 τοὺς
717 1439 913 1493 βασιλεῖς
951 1436 1054 1486 τοὺς
1081 1441 1369 1494 καθημένους
1400 1438 1526 1489 υἱοὺς

108 1517 188 1558 τοῦ
219 1514 372 1569 Δαβὶδ
401 1515 477 1558 ἐπὶ
506 1513 679 1573 θρόνου
710 1514 866 1570 αὐτοῦ,
897 1517 974 1558 καὶ
1003 1514 1105 1564 τοὺς
1132 1515 1318 1572 ἱερεῖς.“
1378 1515 1526 1561 Οὐδε-

110 1590 187 1641 νὸς
216 1592 420 1648 φείδεται
453 1590 475 1635 ὁ
513 1595 693 1649 μέλλων
729 1590 948 1644 κολάζειν.
1020 1592 1114 1636 Οὐκ
1154 1593 1254 1637 ἐπεὶ
1289 1591 1527 1651 προφήτης

109 1685 174 1718 τις
202 1665 514 1726 ἐχρημάτισεν,
546 1671 638 1727 ἔχει
667 1670 718 1714 δὲ
750 1667 1067 1726 ἁμαρτήματα,
1100 1669 1150 1713 οὐ
1180 1668 1527 1728 πληρωθήσεται

108 1748 199 1790 τῶν
226 1749 490 1804 λεγομένων
520 1746 733 1792 ἀπειλῶν.
807 1746 900 1790 Οὐκ
929 1747 1028 1791 ἐπεὶ
1056 1744 1200 1803 ἱερεύς
1226 1764 1291 1797 τις
1320 1745 1525 1806 ἐχρημά-

107 1837 224 1879 τισε,
269 1825 347 1868 καὶ
383 1825 540 1874 ἔδοξεν
575 1821 806 1880 ὑπεροχὴν
844 1821 1067 1880 ὀνόματος
1102 1825 1222 1882 ἔχειν
1258 1828 1528 1884 τιμιωτέραν

108 1899 235 1959 παρὰ
264 1899 345 1945 τὸν
375 1898 497 1957 ὅλον,
529 1902 734 1958 φείδεται
763 1899 902 1944 αὐτοῦ
935 1899 957 1944 ὁ
987 1899 1117 1956 θεὸς,
1150 1898 1263 1945 ὥστε
1295 1900 1435 1946 αὐτὸν
1460 1901 1526 1962 μὴ

108 1981 392 2033 κολασθῆναι
418 1975 760 2036 άμαρτήσαντα.
825 1977 892 2022 Τὰ
924 1979 974 2023 δὲ
1002 1980 1109 2037 περὶ
1138 1979 1325 2024 ἐκείνων
1355 1979 1529 2036 ἀναγε-

107 2060 368 2114 γραμμένα,
401 2057 603 2114 φησὶνῧ)
634 2054 657 2100 ὁ
689 2052 962 2107 ἀπόστολος,
991 2053 1172 2115 ἐγράφη
1202 2055 1258 2100 δι’
1291 2054 1434 2114 ἡμᾶς,
1468 2061 1530 2106 εἰς

113 2129 190 2182 οὓς
217 2131 274 2176 τὰ
302 2136 402 2188 τέλη
432 2135 522 2176 τῶν
559 2131 738 2179 αἰώνων
778 2131 1067 2189 κατήντησεν.
1135 2137 1200 2177 Εἴ
1233 2151 1298 2184 τις
1335 2127 1420 2180 οὖν
1449 2136 1528 2178 καὶ

115 2209 165 2253 ἐν
193 2209 367 2262 τούτοις
394 2215 486 2260 τοῖς
514 2213 711 2269 ἱερεῦσι·
747 2235 798 2243 -
829 2212 1038 2268 δείκνυμι
1067 2210 1119 2254 δὲ
1148 2210 1251 2261 τοῦς
1280 2215 1528 2268 πρεσβυτέ-

115 2302 219 2347 ρους
246 2285 387 2345 ἠμᾶς·
422 2313 474 2323 ·-—·
503 2285 531 2343 ἢ
562 2288 613 2332 ἐν
642 2286 815 2338 τούτοις
844 2293 936 2337 τοῖς
964 2287 1278 2346 περιεστηκόσι
1306 2288 1385 2334 τὸν
1415 2288 1528 2335 λαὸν

113 2363 328 2413 λευΐῐαις·
370 2388 420 2400 --
466 2369 582 2423 λέγω
640 2367 691 2411 δὲ
724 2365 826 2416 τοὺς
864 2363 1127 2416 διακόνους·
1166 2392 1221 2402 —-
1261 2364 1525 2426 ἁμαρτάνει,

112 2441 200 2492 ἕξει
230 2439 395 2497 ταύτην
423 2441 505 2497 τὴν
533 2440 743 2492 κόλασιν·
776 2443 835 2494 ὠς
868 2441 1012 2488 πάλιν
1041 2443 1243 2502 εὐλογίαι
1271 2448 1386 2494 τινές
1415 2449 1529 2491 εἰσιν

115 2518 349 2579 ἱερατΐκαὶ,
379 2521 485 2580 περὶ
513 2510 579 2567 ὧν
597 2522 707 2565 θεοῦ
738 2520 945 2572 διδόντος
975 2520 1028 2566 οὐ
1048 2521 1250 2583 μακράν,
1273 2521 1385 2566 ἀλλὰ
1412 2520 1526 2581 μετά

235 2695 275 2749 ¹)
304 2694 457 2734 Psalm.
490 2694 640 2743 CXVI,
671 2695 736 2738 13.
767 2696 938 2751 (CXV.)

232 2765 274 2819 2)
307 2764 395 2809 Cfr.
425 2764 581 2810 ,Ἰοῖ-ειη.
609 2765 731 2817 ΧΙΙΙ,
763 2765 826 2808 12.
859 2766 923 2810 13.

231 2835 277 2891 3)
309 2835 395 2879 Cfr.
425 2835 445 2875 I
477 2836 574 2878 Cor.
605 2837 659 2886 X,
692 2836 754 2882 11.
