1763 3112
603 107 650 136 m
677 93 930 136 JEREMlAM.
1388 96 1470 139 475

46 209 220 264 (Ὠσπερ
250 204 339 265 γὰρ
370 207 420 252 ἐν
447 211 545 256 ταῖς
572 204 761 266 ἡμέραις
792 207 871 249 τοῦ
902 207 1240 262 κατακλυσμοῦ,
1272 209 1349 249 καὶ
1375 214 1470 258 ταῖς

55 283 241 342 ἡμέραις
269 286 348 327 τοῦ
377 282 488 327 Aah
517 284 569 327 τὰ
598 280 783 339 βιωτικὰ
814 279 979 331 πάντες
1008 283 1219 338 ε’ποίουν,
1263 282 1347 332 ἕως
1383 279 1467 339 ἧλ-

56 367 142 405 θεν
172 359 195 403 ὁ
238 358 574 418 κατακλυσμὸς,
621 362 701 402 καὶ·
735 356 786 403 τὸ
823 361 939 418 πῦρ,
982 362 1057 401 καὶ
1096 351 1202 420 ᾗρεν
1240 357 1468 410 ἅπαντας·

57 435 198 485 οὕτως
228 437 351 480 ἔσται
380 434 429 480 τὸ
458 439 535 490 τῆς
566 438 818 484 συντελείας
855 436 1116 492 αἰφνίδιον·
1160 427 1213 480 οὗ
1252 434 1309 492 δὴ
1350 435 1469 493 σύμ-’-

54 515 194 569 βολον
223 505 280 568 ἧν
308 511 333 566 η“
366 511 548 573 ἀθρόως
585 515 790 557 πεσοῦσα
830 514 960 572 φωνῇ
998 514 1074 554 καὶ
1112 509 1231 572 μόνῃ
1270 515 1471 570 σαλπίγ-

55 606 154 647 γων
179 588 362 649 Ἶεριχώ.
430 594 522 633 Καὶ
560 588 685 647 παρὰ
723 587 803 632 τὸν
840 589 1000 648 καιρὸν
1041 589 1091 632 δὲ
1129 592 1208 633 τοῦ
1251 595 1470 649 σωτηρίου

56 665 260 723 πάθους,
306 663 438 724 ἄφνω
470 669 602 712 ἔπεσε
639 664 887 722 Βαβυλών,
934 668 1136 724 Χριστοῦ
1167 664 1221 709 τὰ
1249 670 1355 725 περὶ
1381 671 1472 712 τῶν

59 744 255 787 ἐθνικῶν
295 742 496 788 εἰδώλων
552 741 918 802 καταργήσαντος
963 741 1194 800 δόγματα,
1249 747 1326 788 καὶ
1369 743 1473 794 τούς

59 819 149 865 ἀπὸ
179 824 271 864 τῶν
301 822 450 864 ἐθνῶν
478 821 736 879 ῥυσαμένου
763 817 1105 868 πιστεύσαντας.

172 896 495 957 ,,Ποτη’ριον“)
520 899 727 953 χρυσοῦν
757 894 783 950 ἡ
813 893 1088 951 Βαβυλών.“
1132 900 1351 953 Χρυσοῦν
1380 900 1473 943 ἐστι

57 976 136 1016 τοῦ
168 971 586 1032 Ναβουχοδονόσορ
627 972 677 1016 τὸ
716 969 938 1028 ποτήριον
978 976 1040 1022 εἲς
1078 970 1257 1029 ἀπάτην
1287 974 1472 1035 ἀνθρώ-

59 1066 177 1105 πων,
207 1054 283 1094 ῗνα
314 1049 554 1107 δεξάμενοι
583 1055 764 1104 πίωσιν,
799 1047 990 1106 ὁρῶντες
1018 1047 1269 1108 τόχρυσὸν,
1301 1050 1370 1096 ὅτι
1385 1070 1472 1098 κα-

59 1124 142 1170 λὸν
170 1131 262 1176 τοῖς
293 1127 552 1184 ὀφθαλμοῖς
580 1127 697 1171 ἰδεῖν
735 1129 810 1169 καὶ
849 1124 1018 1184 ὡραῖον
1054 1130 1134 1170 τοῦ
1164 1134 1470 1184 κατανοῆσαι·

58 1201 107 1246 τὸ
140 1204 191 1247 δὲ
220 1209 362 1263 κρίμα
390 1203 439 1248 τὸ
471 1205 520 1247 ἐν
549 1201 692 1260 τούτῳ
720 1201 784 1260 μὴ
813 1201 1111 1259 λογιζόμενοι.
1166 1204 1233 1248 Τὰ
1254 1207 1470 1269 μοχθηρά

60 1277 151 1337 γὰρ
182 1279 320 1324 αὐτοῦ
351 1277 563 1337 δόγματα
580 1282 831 1336 καλλιλεξίᾳ
855 1277 1142 1337 κεκόσμηται,
1175 1285 1236 1339 τῷ
1251 1287 1326 1340 τῆς
1347 1284 1473 1346 φρά-

62 1371 173 1406 σεως
211 1355 476 1409 δελεάζοντα
519 1355 694 1412 κάλλει,
739 1359 816 1400 καὶ
855 1360 906 1417 τῇ
949 1355 1136 1414 μεθόδῳ
1180 1363 1229 1420 τῇ
1278 1367 1469 1425 τεχνικῇ.

61 1438 155 1476 Καὶ
183 1437 273 1484 πᾶς
302 1436 352 1478 δὲ
381 1433 565 1490 ποιητὴς
596 1430 731 1493 ἄκρος
760 1430 877 1478 εἶναι
908 1435 1081 1490 δοκῶν,
1112 1435 1331 1496 ποτήριον
1351 1458 1470 1499 χρυ-

61 1512 174 1555 σοῦν
202 1511 522 1568 κατεσκεύασε,
555 1509 822 1568 δηλητήριον
851 1510 1063 1569 ἐμβαλῶν
1089 1515 1470 1575 εἷδωλολατρείας,

63 1590 405 1647 αἰσχρολογίας,
451 1593 527 1632 καὶ
566 1592 656 1633 τῶν
692 1592 903 1646 ψυχικῶν
944 1587 1164 1634 ἁπάντων
1201 1597 1370 1639 κακῶν.
1424 1594 1473 1641 Ὁ

65 1666 115 1709 δὲ
150 1666 319 1721 Ἰησοῦς
358 1666 409 1710 οὐ
441 1669 617 1723 χρυσοῦ
654 1671 873 1721 ποτηρίου
916 1667 1249 1725 προενοήσατο,
1296 1671 1473 1728 μήποτε

63 1745 141 1785 καὶ
169 1740 276 1803 δόξῃ
308 1745 462 1800 ἐκείνῳ
494 1741 658 1799 ὅμοιον
685 1738 814 1788 εἶναι.
875 1741 1048 1803 Διόπερ
1090 1747 1294 1803 »ἔχομεν
1312 1751 1354 1804 ²)
1395 1750 1475 1795 τὸν

63 1818 299 1878 θησαυρὸν
326 1823 489 1864 τοῦτον
518 1822 569 1864 ἐν
608 1820 886 1877 ὀστρακίνοις
927 1820 1203 1878 σκεύεσιν,“
1248 1825 1361 1870 ἀλλὰ
1398 1832 1475 1884 τῆς

65 1898 116 1941 ἓν
156 1896 274 1954 αὐτῷ
314 1902 546 1957 σωτηρίας.
634 1896 698 1940 Τὸ
744 1898 795 1941 δὲ
840 1901 1133 1956 ,,χρυσοῦν3)
1183 1902 1404 1962 ποτήριον
1447 1905 1471 1962 ἡ

64 1973 338 2030 Βαβυλών,“
368 1972 478 2018 ὅταν
507 1975 584 2017 ἐπὶ
612 1972 694 2028 τὴν
723 1975 954 2030 ἐκδίκησιν
982 1977 1106 2036 ἔλθῃ,
1139 1978 1190 2021 ἒν
1217 1985 1365 2039 ,,χειρὶ
1388 1997 1473 2026 κυ-

66 2054 198 2107 ρίου“
242 2056 424 2110 γίνεται.
455 2053 506 2111 τῇ
553 2049 768 2107 ἁψαμένη
814 2054 923 2097 ποτὲ
961 2056 1039 2097 τοῦ
1071 2053 1190 2110 Ἰὼβ,
1238 2057 1476 2115 μεθύσκογ

66 2133 257 2185 ,,πᾶσαν
285 2128 366 2184 τὴν
395 2129 518 2185 γῆνίί
548 2127 639 2172 ἀπὸ
671 2130 821 2189 ὀργῆς,
849 2128 946 2175 οἷπό
977 2128 1133 2186 λύπης,
1165 2132 1364 2190 ἐρώτων,
1396 2151 1474 2181 κε·-

67 2208 299 2256 νοδοξίας·
343 2203 427 2249 ὅσα
455 2203 545 2264 γὰρ
584 2203 911 2266 ἁμαρτήματα,
949 2211 1166 2252 τοσαῦται
1204 2213 1281 2253 καὶ
1316 2215 1473 2270 μέθαι,

68 2281 279 2343 καθάπερ
315 2283 362 2331 ἐξ
401 2284 529 2326 οἴνου
569 2280 756 2327 πάντων
786 2288 1129 2343 σαλευομένων,
1178 2291 1255 2330 καὶ
1290 2292 1475 2345 βέβαιον

71 2360 206 2406 οὐδὲν
245 2357 456 2417 ἑχόντων.
522 2356 570 2403 Ὀ
607 2361 659 2404 δὲ
693 2362 870 2411 δίκαιος
905 2362 986 2406 οὐκ
1024 2364 1116 2407 ἔστι
1154 2367 1212 2421 γῆ
1235 2377 1245 2388 ·
1284 2362 1350 2410 ὢν
1385 2365 1476 2426 γὰρ

71 2440 150 2483 ἐπὶ
175 2440 281 2495 γῆς,
326 2438 417 2494 ἔχει
462 2437 513 2480 ἐν
550 2435 761 2494 οὐρανοῖς
791 2437 840 2483 τὸ
870 2443 1146 2498 πολίτευμα,
1190 2445 1267 2485 καὶ
1307 2443 1387 2487 οὐκ
1418 2442 1477 2489 ἂν

70 2513 304 2560 ἀκούσειε·
354 2513 503 2572 ,,γῆ4)
543 2509 604 2569 εἶ,
653 2518 730 2558 καὶ
759 2519 820 2566 εἷς
847 2520 937 2573 γῆν
967 2517 1256 2580 ἀπελεύσῃ·“
1300 2520 1394 2564 ἀλλ’
1426 2522 1476 2566 ἐκ

68 2595 160 2637 τῶν
188 2590 398 2637 εἰκότων·
453 2590 644 2649 οὐρανὸς
671 2588 734 2647 εἶ,
779 2596 856 2637 καὶ
892 2599 954 2644 εἰς
990 2595 1210 2654 οὐρανοὺς
1238 2595 1475 2660 ἀπελεύσῃ.

188 2760 228 2815 ¹)
260 2760 345 2801 Cfr.
373 2760 527 2802 Jerem.
550 2761 626 2811 LI,
656 2762 692 2805 7.
812 2764 855 2820 ²)
887 2765 937 2806 Π·
960 2766 1057 2808 Cor.
1088 2766 1159 2816 lV,
1190 2765 1228 2809 7.

189 2831 230 2886 ³)
263 2829 348 2872 Csr.
380 2832 533 2874 Jerem.
564 2833 633 2882 Ll,
666 2832 702 2875 7.
821 2834 864 2891 ⁴)
893 2836 1001 2879 Gen.
1032 2837 1110 2887 111,
1143 2836 1207 2880 19.
