1763 3112
250 83 333 128 424
693 102 747 130 nx
783 89 992 132 officum.
1023 89 1225 132 SELECTA

254 193 440 241 κλάδων
470 198 494 243 ὁ
524 199 629 250 θεὸς
671 200 754 245 οὐκ
784 201 1025 259 ἐφείσατο,
1067 203 1223 258 πολλῷ
1253 203 1433 259 μᾶλλον
1460 199 1672 260 ἁμαρτα-

257 271 432 319 νόντων
460 274 592 333 ἡμῶν
619 277 642 322 ὀ
675 278 783 329 θεὸς
809 279 894 324 οὐκ
924 278 1137 329 ἀνέξεται.

706 557 974 614 Κεᾳάλαιον
1004 561 1229 614 πέμπτον.

376 669 499 720 „Ani
524 668 562 723 ¹)
598 672 727 713 τοῦτο
761 671 951 715 ἔπαισεν
986 668 1148 719 αὐτοὺς
1175 671 1352 724 ).ε’ων,“
1384 686 1424 712 κ.
1443 686 1531 713 τ.ε.
1587 667 1681 713 Τὸν

261 748 596 799 περιπαίσαντα
628 745 792 796 αὐτοὺς
821 750 938 804 λέγει
972 750 1150 802 λέοντα,
1184 745 1430 800 καὶλὺκον,
1463 750 1539 789 καὶ
1556 743 1680 803 πάρ-

261 818 408 862 δαλιν.
477 827 621 866 Δοκεῖ
661 825 711 867 δὲ
752 822 775 878 ἦ
826 826 914 881 μὲν
957 822 1069 868 κατὰ
1124 821 1202 873 τὰς
1243 821 1426 882 πράξεις
1465 824 1680 879 ἐπιβουλὴ

264 893 352 939 ὑπὸ
384 901 476 941 τῶν
505 903 730 959 τροπικῶς
759 904 1022 958 λεγομένων
1057 900 1255 946 λεόντων
1296 906 1529 960 γίνεσθαι·
1573 900 1595 955 ἦ
1632 904 1682 947 δὲ

262 972 375 1016 κατὰ
409 973 488 1028 τῆν
518 979 716 1034 γνῶσιν,
765 977 853 1021 ὑπὸ
895 982 984 1022 τῶν
1011 977 1186 1034 βλάψαι
1233 977 1280 1022 τό
1314 978 1576 1038 διορατικὸν
1607 984 1682 1035 τῆς

264 1054 412 1108 ψιχῆς
439 1057 749 1111 βουλομένων.
807 1053 867 1097 ‘Il
892 1055 982 1112 γὰρ
1021 1054 1247 1114 πάρδαλις
1277 1057 1513 1113 ἐπιπηδᾷν
1539 1057 1679 1110 μάλι-

261 1142 344 1171 στα
374 1133 547 1186 λέγεται
580 1137 673 1180 τοῖς
703 1131 987 1190 ὀφθαλμοῖς·
1029 1133 1051 1178 ὁ
1085 1135 1133 1177 δὲ
1165 1137 1294 1188 λέων,
1330 1131 1389 1182 ὠς
1419 1135 1677 1192 ἱστορεῖται,

261 1203 463 1262 γηράσας
493 1211 597 1263 περὶ
629 1207 706 1257 τας
736 1207 888 1258 πόλεις
918 1215 1123 1266 νέμεται,
1165 1209 1378 1267 θηρεύειν
1417 1215 1566 1255 θέλων
1596 1212 1682 1255 άν-

260 1280 493 1340 θρώπους.
551 1289 747 1343 Λέγεται
789 1287 863 1341 δὲ,
919 1284 982 1330 ὅτι
1026 1290 1104 1330 καὶ
1145 1287 1192 1330 ἔκ
1229 1289 1320 1330 τῶν
1360 1287 1506 1331 ὀστῶν
1543 1288 1682 1334 αὐτοῦ

261 1365 584 1418 κοπτομένων,
627 1358 655 1417 ἢ
685 1367 1008 1420 πτισσομένων
1037 1366 1130 1420 πῦρ
1161 1363 1398 1420 ἐξέρχεται.
1458 1369 1552 1408 Καὶ
1580 1370 1686 1418 ἴσως

261 1439 377 1480 λέων
408 1434 467 1481 ἂν
496 1442 563 1494 εἴη
594 1443 671 1482 καὶ
699 1437 924 1497 πάρδαλις
954 1439 976 1485 ὁ
1012 1439 1445 1499 Ναβουχοδονόσορ,
1478 1441 1560 1498 τὴν
1593 1442 1683 1488 πό-

261 1515 334 1556 λιν
362 1513 495 1573 ἑλών,
529 1519 607 1559 καὶ
637 1514 696 1566 ὡς
723 1515 950 1574 πάρδαλις
978 1517 1083 1568 τοὺς
1100 1517 1376 1576 ὀφθαλμοὺς
1395 1518 1529 1575 αὐτῆς
1560 1522 1683 1571 ἐξαί-

262 1607 376 1648 ρων,
418 1592 499 1636 τὸν
526 1597 716 1649 βασιλέα
750 1593 836 1639 σὺν
865 1601 959 1646 τοῖς
987 1593 1208 1655 πρώτοις,
1239 1594 1429 1654 ὕστερον
1460 1598 1511 1642 δὲ
1540 1601 1684 1644 Σεδε-

261 1672 363 1712 κίου
402 1670 507 1721 τοὺς
545 1670 819 1730 ὀφθαλμοὺς
857 1671 1074 1730 ἐκκόψεις.
1139 1673 1272 1718 Ὀστᾶ
1312 1676 1362 1719 δὲ
1401 1674 1541 1720 αὐτοῦ
1574 1693 1684 1733 νοη-

262 1751 365 1801 θείη
395 1748 742 1808 Ναβουζαρδάν,
776 1749 859 1806 τὴν
889 1749 1025 1796 πόλιν
1055 1749 1306 1809 ἐμπρήσας.

713 2048 985 2109 Κεφάλαιον
1020 2050 1238 2110 ἕβδομον.

377 2160 545 2219 ,,Τὰ2)
588 2161 944 2220 ὁλοκαυτώματα
983 2161 1117 2223 ὑμῶν
1160 2161 1395 2221 συνάγετε.
1411 2166 1441 2192 “
1511 2170 1685 2224 Σαφῶς

263 2236 481 2291 ἐξετάζειν
510 2237 733 2296 διδάσκει,
765 2245 830 2290 τίς
859 2240 883 2285 ὁ
908 2243 1015 2298 περὶ
1041 2244 1219 2285 θυσιῶν
1247 2238 1398 2299 λόγος.
1451 2242 1685 2305 Ἀφορμάς

264 2334 311 2364 τε
341 2316 395 2362 τὰ
425 2316 560 2376 λόγια
589 2319 767 2375 δίδωσι,
799 2322 1013 2377 λέγοντα·
1044 2320 1277 2376 ,,θυσιἀ3)
1306 2323 1370 2377 τῷ
1387 2324 1481 2379 θεῷ
1498 2326 1683 2379 πνεῦμα

266 2396 719 2456 συντετριμμένον·“
767 2399 870 2440 καί·
915 2393 1121 2452 ,,θύσατε
1138 2395 1180 2454 ⁴)
1227 2402 1400 2444 θυσίαν
1443 2399 1682 2445 δικαιοσύ-

267 2474 397 2529 νης.“
480 2471 597 2524 Τοὺς
640 2472 693 2516 δὲ
735 2471 800 2531 μὴ
847 2471 989 2524 οὕτως
1026 2475 1233 2532 ἔχοντας,
1277 2479 1384 2534 περὶ
1427 2477 1480 2522 δὲ
1520 2483 1686 2531 θυσίας

266 2553 574 2611 ἐπτοημένους
613 2552 893 2607 σωματικῆς,
935 2551 1213 2613 ἐπέστρεφεν
1253 2551 1277 2597 ὁ
1307 2553 1480 2613 σωτὴρ,
1511 2559 1681 2614 λέγων·

385 2755 424 2806 ¹)
455 2755 610 2796 Jerem.
642 2757 693 2806 V,
723 2756 760 2799 6.
880 2758 923 2811 ²)
957 2758 1043 2800 Cfr.
1076 2758 1233 2800 Jerem.
1265 2760 1362 2809 Vll,
1389 2759 1457 2802 21.

382 2827 423 2882 ³)
453 2825 607 2867 Psalm.
638 2827 706 2878 LI,
740 2826 803 2869 17.
836 2828 925 2882 (L.)
1044 2827 1087 2884 ⁴)
1116 2829 1269 2872 Psahn.
1299 2829 1373 2881 lV,
1403 2830 1441 2872 5.

1761 194 1763 218 ι’

1761 239 1763 273 ‹

1762 283 1763 301 η
