<?xml version="1.0" encoding="UTF-8"?>
<!DOCTYPE html PUBLIC "-//W3C//DTD XHTML 1.0 Transitional//EN"
    "http://www.w3.org/TR/xhtml1/DTD/xhtml1-transitional.dtd">
<html xmlns="http://www.w3.org/1999/xhtml" xml:lang="en" lang="en">
 <head>
  <title>
</title>
<meta http-equiv="Content-Type" content="text/html;charset=utf-8" />
  <meta name='ocr-system' content='tesseract 3.04.00' />
  <meta name='ocr-capabilities' content='ocr_page ocr_carea ocr_par ocr_line ocrx_word'/>
</head>
<body>
  <div class='ocr_page' id='page_1' title='image "./operaomniaquaegr15orig/operaomniaquaegr15orig_0408.png"; bbox 0 0 1763 3112; ppageno 0'>
   <div class='ocr_carea' id='block_1_1' title="bbox 289 100 1275 144">
    <p class='ocr_par' dir='ltr' id='par_1_1' title="bbox 289 100 1275 144">
     <span class='ocr_line' id='line_1_1' title="bbox 289 100 1275 144; baseline 0.001 -3"><span class='ocrx_word' id='word_1_1' title='bbox 289 100 368 144; x_wconf 69' lang='lat'><strong>394</strong></span> <span class='ocrx_word' id='word_1_2' title='bbox 712 103 932 143; x_wconf 65' lang='lat' dir='ltr'><strong>(micenis</strong></span> <span class='ocrx_word' id='word_1_3' title='bbox 964 113 1008 141; x_wconf 72' lang='lat' dir='ltr'><strong>m</strong></span> <span class='ocrx_word' id='word_1_4' title='bbox 1037 100 1275 142; x_wconf 72' lang='lat' dir='ltr'><strong>Jssnssmmm</strong></span> 
     </span>
    </p>
   </div>
   <div class='ocr_carea' id='block_1_2' title="bbox 270 212 1711 2436">
    <p class='ocr_par' dir='ltr' id='par_1_2' title="bbox 270 212 1711 2436">
     <span class='ocr_line' id='line_1_2' title="bbox 290 212 1703 270; baseline 0.002 -18"><span class='ocrx_word' id='word_1_5' title='bbox 290 212 533 268; x_wconf 79' lang='lat' dir='ltr'>pandimus,</span> <span class='ocrx_word' id='word_1_6' title='bbox 583 225 622 253; x_wconf 91' lang='lat' dir='ltr'><strong>et</strong></span> <span class='ocrx_word' id='word_1_7' title='bbox 663 213 893 254; x_wconf 71' lang='lat' dir='ltr'><strong>conteritur</strong></span> <span class='ocrx_word' id='word_1_8' title='bbox 932 229 953 253; x_wconf 81' lang='lat' dir='ltr'><strong>a</strong></span> <span class='ocrx_word' id='word_1_9' title='bbox 999 212 1141 263; x_wconf 88' lang='lat' dir='ltr'><strong>uobis,</strong></span> <span class='ocrx_word' id='word_1_10' title='bbox 1182 236 1233 243; x_wconf 90' lang='lat'>—</span> <span class='ocrx_word' id='word_1_11' title='bbox 1274 229 1410 270; x_wconf 89' lang='lat' dir='ltr'><strong>neque</strong></span> <span class='ocrx_word' id='word_1_12' title='bbox 1453 215 1562 255; x_wconf 83' lang='lat' dir='ltr'><strong>enim</strong></span> <span class='ocrx_word' id='word_1_13' title='bbox 1605 231 1703 255; x_wconf 87' lang='lat' dir='ltr'><strong>con-</strong></span> 
     </span>
     <span class='ocr_line' id='line_1_3' title="bbox 288 289 1700 346; baseline 0.002 -17"><span class='ocrx_word' id='word_1_14' title='bbox 288 290 483 342; x_wconf 83' lang='lat' dir='ltr'><strong>fringitur</strong></span> <span class='ocrx_word' id='word_1_15' title='bbox 530 302 710 340; x_wconf 80' lang='lat' dir='ltr'><strong>tantum,</strong></span> <span class='ocrx_word' id='word_1_16' title='bbox 758 302 799 330; x_wconf 90' lang='lat' dir='ltr'><strong>et</strong></span> <span class='ocrx_word' id='word_1_17' title='bbox 846 307 931 330; x_wconf 87' lang='lat' dir='ltr'><strong>non</strong></span> <span class='ocrx_word' id='word_1_18' title='bbox 971 289 1096 329; x_wconf 83' lang='lat' dir='ltr'><strong>etiam</strong></span> <span class='ocrx_word' id='word_1_19' title='bbox 1136 290 1366 331; x_wconf 84' lang='lat' dir='ltr'><strong>conteritur</strong></span> <span class='ocrx_word' id='word_1_20' title='bbox 1402 307 1478 346; x_wconf 86' lang='lat' dir='ltr'><strong>per</strong></span> <span class='ocrx_word' id='word_1_21' title='bbox 1516 308 1592 332; x_wconf 89' lang='lat' dir='ltr'><strong>nos</strong></span> <span class='ocrx_word' id='word_1_22' title='bbox 1627 318 1700 341; x_wconf 81' lang='lat'><strong>-,</strong></span> 
     </span>
     <span class='ocr_line' id='line_1_4' title="bbox 289 366 1701 423; baseline 0.001 -16"><span class='ocrx_word' id='word_1_23' title='bbox 289 367 549 420; x_wconf 73' lang='lat' dir='ltr'><strong>confringere</strong></span> <span class='ocrx_word' id='word_1_24' title='bbox 580 384 656 407; x_wconf 89' lang='lat' dir='ltr'><strong>nos</strong></span> <span class='ocrx_word' id='word_1_25' title='bbox 687 383 708 407; x_wconf 88' lang='lat' dir='ltr'>c</span> <span class='ocrx_word' id='word_1_26' title='bbox 741 366 950 408; x_wconf 80' lang='lat' dir='ltr'><strong>contrario</strong></span> <span class='ocrx_word' id='word_1_27' title='bbox 981 378 1022 406; x_wconf 86' lang='lat' dir='ltr'><strong>et</strong></span> <span class='ocrx_word' id='word_1_28' title='bbox 1056 378 1285 408; x_wconf 82' lang='lat' dir='ltr'><strong>conterere.</strong></span> <span class='ocrx_word' id='word_1_29' title='bbox 1339 368 1395 409; x_wconf 88' lang='lat' dir='ltr'><strong>Et</strong></span> <span class='ocrx_word' id='word_1_30' title='bbox 1425 369 1581 408; x_wconf 89' lang='lat' dir='ltr'><strong>multos</strong></span> <span class='ocrx_word' id='word_1_31' title='bbox 1611 369 1701 423; x_wconf 82' lang='lat' dir='ltr'><strong>qui-</strong></span> 
     </span>
     <span class='ocr_line' id='line_1_5' title="bbox 289 444 1699 500; baseline 0.001 -16"><span class='ocrx_word' id='word_1_32' title='bbox 289 445 385 484; x_wconf 88' lang='lat' dir='ltr'><strong>dem</strong></span> <span class='ocrx_word' id='word_1_33' title='bbox 418 444 636 492; x_wconf 70' lang='lat' dir='ltr'>contrivit,</span> <span class='ocrx_word' id='word_1_34' title='bbox 669 460 762 494; x_wconf 87' lang='lat' dir='ltr'><strong>eos,</strong></span> <span class='ocrx_word' id='word_1_35' title='bbox 794 444 864 500; x_wconf 88' lang='lat' dir='ltr'><strong>qui</strong></span> <span class='ocrx_word' id='word_1_36' title='bbox 895 460 979 484; x_wconf 91' lang='lat' dir='ltr'><strong>non</strong></span> <span class='ocrx_word' id='word_1_37' title='bbox 1012 444 1233 484; x_wconf 79' lang='lat' dir='ltr'><strong>attendunt</strong></span> <span class='ocrx_word' id='word_1_38' title='bbox 1262 444 1363 495; x_wconf 88' lang='lat' dir='ltr'><strong>sibi,</strong></span> <span class='ocrx_word' id='word_1_39' title='bbox 1394 461 1532 500; x_wconf 86' lang='lat' dir='ltr'><strong>neque</strong></span> <span class='ocrx_word' id='word_1_40' title='bbox 1565 457 1699 485; x_wconf 88' lang='lat' dir='ltr'><strong>custo-</strong></span> 
     </span>
     <span class='ocr_line' id='line_1_6' title="bbox 286 520 1702 571; baseline 0 -10"><span class='ocrx_word' id='word_1_41' title='bbox 286 520 353 561; x_wconf 76' lang='lat' dir='ltr'><strong>dia</strong></span> <span class='ocrx_word' id='word_1_42' title='bbox 383 532 650 561; x_wconf 78' lang='lat' dir='ltr'><strong>servaverunt</strong></span> <span class='ocrx_word' id='word_1_43' title='bbox 681 537 754 560; x_wconf 92' lang='lat' dir='ltr'><strong>cor</strong></span> <span class='ocrx_word' id='word_1_44' title='bbox 780 536 915 560; x_wconf 84' lang='lat' dir='ltr'><strong>suum.</strong></span> <span class='ocrx_word' id='word_1_45' title='bbox 961 521 1119 560; x_wconf 86' lang='lat' dir='ltr'><strong>Verum</strong></span> <span class='ocrx_word' id='word_1_46' title='bbox 1141 537 1217 561; x_wconf 88' lang='lat' dir='ltr'><strong>nos</strong></span> <span class='ocrx_word' id='word_1_47' title='bbox 1244 522 1502 563; x_wconf 86' lang='lat' dir='ltr'><strong>confidentes</strong></span> <span class='ocrx_word' id='word_1_48' title='bbox 1532 522 1573 562; x_wconf 86' lang='lat' dir='ltr'><strong>in</strong></span> <span class='ocrx_word' id='word_1_49' title='bbox 1590 523 1702 571; x_wconf 77' lang='lat' dir='ltr'><strong>Deo,</strong></span> 
     </span>
     <span class='ocr_line' id='line_1_7' title="bbox 285 597 1701 646; baseline 0.001 -8"><span class='ocrx_word' id='word_1_50' title='bbox 285 599 500 638; x_wconf 85' lang='lat' dir='ltr'><strong>credentes</strong></span> <span class='ocrx_word' id='word_1_51' title='bbox 529 597 571 637; x_wconf 87' lang='lat' dir='ltr'><strong>in</strong></span> <span class='ocrx_word' id='word_1_52' title='bbox 604 597 814 639; x_wconf 77' lang='lat' dir='ltr'>Christum</span> <span class='ocrx_word' id='word_1_53' title='bbox 845 597 955 646; x_wconf 81' lang='lat' dir='ltr'><strong>Dei,</strong></span> <span class='ocrx_word' id='word_1_54' title='bbox 986 613 1072 638; x_wconf 89' lang='lat' dir='ltr'><strong>non</strong></span> <span class='ocrx_word' id='word_1_55' title='bbox 1103 598 1323 640; x_wconf 85' lang='lat' dir='ltr'><strong>timeamus</strong></span> <span class='ocrx_word' id='word_1_56' title='bbox 1362 601 1569 641; x_wconf 82' lang='lat' dir='ltr'><strong>zabulum.</strong></span> <span class='ocrx_word' id='word_1_57' title='bbox 1629 599 1701 640; x_wconf 77' lang='grc' dir='ltr'><strong>Τί-</strong></span> 
     </span>
     <span class='ocr_line' id='line_1_8' title="bbox 286 674 1698 733; baseline 0.001 -19"><span class='ocrx_word' id='word_1_58' title='bbox 286 691 382 715; x_wconf 90' lang='lat' dir='ltr'><strong>mor</strong></span> <span class='ocrx_word' id='word_1_59' title='bbox 411 674 494 715; x_wconf 82' lang='lat' dir='ltr'><strong>Dei</strong></span> <span class='ocrx_word' id='word_1_60' title='bbox 524 674 624 715; x_wconf 79' lang='lat' dir='ltr'><strong>facit</strong></span> <span class='ocrx_word' id='word_1_61' title='bbox 653 691 731 715; x_wconf 92' lang='lat' dir='ltr'><strong>nos</strong></span> <span class='ocrx_word' id='word_1_62' title='bbox 761 690 846 714; x_wconf 90' lang='lat' dir='ltr'><strong>non</strong></span> <span class='ocrx_word' id='word_1_63' title='bbox 879 674 1075 716; x_wconf 76' lang='lat' dir='ltr'><strong>tImentes</strong></span> <span class='ocrx_word' id='word_1_64' title='bbox 1105 676 1316 726; x_wconf 86' lang='lat' dir='ltr'><strong>zabulum,</strong></span> <span class='ocrx_word' id='word_1_65' title='bbox 1346 677 1535 733; x_wconf 75' lang='lat' dir='ltr'>nihilque</span> <span class='ocrx_word' id='word_1_66' title='bbox 1566 678 1617 717; x_wconf 87' lang='lat' dir='ltr'><strong>ab</strong></span> <span class='ocrx_word' id='word_1_67' title='bbox 1648 693 1698 717; x_wconf 91' lang='lat' dir='ltr'><strong>eo</strong></span> 
     </span>
     <span class='ocr_line' id='line_1_9' title="bbox 284 751 1701 807; baseline 0.001 -16"><span class='ocrx_word' id='word_1_68' title='bbox 284 752 463 807; x_wconf 77' lang='lat' dir='ltr'><strong>perpeti,</strong></span> <span class='ocrx_word' id='word_1_69' title='bbox 492 752 564 793; x_wconf 90' lang='lat' dir='ltr'><strong>sed</strong></span> <span class='ocrx_word' id='word_1_70' title='bbox 597 763 638 792; x_wconf 88' lang='lat' dir='ltr'><strong>et</strong></span> <span class='ocrx_word' id='word_1_71' title='bbox 669 751 810 792; x_wconf 86' lang='lat' dir='ltr'><strong>dicere</strong></span> <span class='ocrx_word' id='word_1_72' title='bbox 841 767 925 791; x_wconf 90' lang='lat' dir='ltr'><strong>non</strong></span> <span class='ocrx_word' id='word_1_73' title='bbox 955 762 1116 792; x_wconf 84' lang='lat' dir='ltr'><strong>tantum</strong></span> <span class='ocrx_word' id='word_1_74' title='bbox 1143 753 1406 806; x_wconf 76' lang='lat' dir='ltr'><strong>generaliter,</strong></span> <span class='ocrx_word' id='word_1_75' title='bbox 1436 770 1581 794; x_wconf 77' lang='lat' dir='ltr'><strong>verum</strong></span> <span class='ocrx_word' id='word_1_76' title='bbox 1604 754 1701 807; x_wconf 55' lang='grc' dir='ltr'><strong>ρι’)</strong></span> 
     </span>
     <span class='ocr_line' id='line_1_10' title="bbox 284 828 1700 885; baseline 0 -16"><span class='ocrx_word' id='word_1_77' title='bbox 284 830 336 869; x_wconf 86' lang='lat' dir='ltr'><strong>de</strong></span> <span class='ocrx_word' id='word_1_78' title='bbox 366 828 639 885; x_wconf 86' lang='lat' dir='ltr'><strong>nobisipsis:</strong></span> <span class='ocrx_word' id='word_1_79' title='bbox 682 828 993 884; x_wconf 85' lang='lat' dir='ltr'><strong>„quomod0²)</strong></span> <span class='ocrx_word' id='word_1_80' title='bbox 1036 831 1276 871; x_wconf 75' lang='lat' dir='ltr'><strong>confractus</strong></span> <span class='ocrx_word' id='word_1_81' title='bbox 1318 842 1379 871; x_wconf 90' lang='lat' dir='ltr'><strong>est</strong></span> <span class='ocrx_word' id='word_1_82' title='bbox 1418 843 1458 871; x_wconf 87' lang='lat' dir='ltr'><strong>et</strong></span> <span class='ocrx_word' id='word_1_83' title='bbox 1498 829 1700 871; x_wconf 82' lang='lat' dir='ltr'><strong>contritus</strong></span> 
     </span>
     <span class='ocr_line' id='line_1_11' title="bbox 282 906 1702 948; baseline 0 -2"><span class='ocrx_word' id='word_1_84' title='bbox 282 907 460 947; x_wconf 79' lang='lat' dir='ltr'><strong>malleus</strong></span> <span class='ocrx_word' id='word_1_85' title='bbox 489 906 706 947; x_wconf 79' lang='lat' dir='ltr'><strong>universae</strong></span> <span class='ocrx_word' id='word_1_86' title='bbox 735 906 935 948; x_wconf 82' lang='lat' dir='ltr'><strong>terrae?“</strong></span> <span class='ocrx_word' id='word_1_87' title='bbox 981 907 1064 947; x_wconf 89' lang='lat' dir='ltr'><strong>Illo</strong></span> <span class='ocrx_word' id='word_1_88' title='bbox 1095 919 1235 948; x_wconf 82' lang='lat' dir='ltr'><strong>autem</strong></span> <span class='ocrx_word' id='word_1_89' title='bbox 1266 908 1481 948; x_wconf 81' lang='lat' dir='ltr'><strong>confracto</strong></span> <span class='ocrx_word' id='word_1_90' title='bbox 1514 919 1555 948; x_wconf 89' lang='lat' dir='ltr'><strong>et</strong></span> <span class='ocrx_word' id='word_1_91' title='bbox 1587 923 1702 948; x_wconf 89' lang='lat' dir='ltr'><strong>com—</strong></span> 
     </span>
     <span class='ocr_line' id='line_1_12' title="bbox 282 983 1700 1041; baseline 0.001 -18"><span class='ocrx_word' id='word_1_92' title='bbox 282 983 461 1034; x_wconf 86' lang='lat' dir='ltr'><strong>minuto,</strong></span> <span class='ocrx_word' id='word_1_93' title='bbox 490 984 686 1041; x_wconf 73' lang='lat' dir='ltr'><strong>Babylon</strong></span> <span class='ocrx_word' id='word_1_94' title='bbox 715 984 763 1024; x_wconf 82' lang='lat' dir='ltr'><strong>fit</strong></span> <span class='ocrx_word' id='word_1_95' title='bbox 792 983 834 1024; x_wconf 90' lang='lat' dir='ltr'><strong>in</strong></span> <span class='ocrx_word' id='word_1_96' title='bbox 865 984 1181 1026; x_wconf 81' lang='lat' dir='ltr'><strong>exterminium:</strong></span> <span class='ocrx_word' id='word_1_97' title='bbox 1219 1002 1297 1026; x_wconf 90' lang='lat' dir='ltr'><strong>nec</strong></span> <span class='ocrx_word' id='word_1_98' title='bbox 1337 985 1455 1041; x_wconf 89' lang='lat' dir='ltr'><strong>prius</strong></span> <span class='ocrx_word' id='word_1_99' title='bbox 1486 985 1700 1026; x_wconf 83' lang='lat' dir='ltr'><strong>confusio-</strong></span> 
     </span>
     <span class='ocr_line' id='line_1_13' title="bbox 282 1060 1699 1117; baseline 0.002 -17"><span class='ocrx_word' id='word_1_100' title='bbox 282 1060 344 1100; x_wconf 89' lang='lat' dir='ltr'><strong>nis</strong></span> <span class='ocrx_word' id='word_1_101' title='bbox 375 1060 518 1101; x_wconf 86' lang='lat' dir='ltr'><strong>civitas</strong></span> <span class='ocrx_word' id='word_1_102' title='bbox 549 1061 793 1117; x_wconf 88' lang='lat' dir='ltr'><strong>dissipatur,</strong></span> <span class='ocrx_word' id='word_1_103' title='bbox 824 1077 949 1116; x_wconf 78' lang='lat' dir='ltr'><strong>quam</strong></span> <span class='ocrx_word' id='word_1_104' title='bbox 979 1062 1156 1102; x_wconf 84' lang='lat' dir='ltr'><strong>malleus</strong></span> <span class='ocrx_word' id='word_1_105' title='bbox 1186 1061 1405 1103; x_wconf 82' lang='lat' dir='ltr'><strong>universae</strong></span> <span class='ocrx_word' id='word_1_106' title='bbox 1435 1074 1569 1103; x_wconf 82' lang='lat' dir='ltr'><strong>terrae</strong></span> <span class='ocrx_word' id='word_1_107' title='bbox 1600 1079 1699 1103; x_wconf 88' lang='lat' dir='ltr'><strong>con—</strong></span> 
     </span>
     <span class='ocr_line' id='line_1_14' title="bbox 282 1138 1698 1195; baseline 0.002 -18"><span class='ocrx_word' id='word_1_108' title='bbox 282 1138 484 1190; x_wconf 79' lang='lat' dir='ltr'><strong>fringatur</strong></span> <span class='ocrx_word' id='word_1_109' title='bbox 513 1150 554 1179; x_wconf 90' lang='lat' dir='ltr'><strong>et</strong></span> <span class='ocrx_word' id='word_1_110' title='bbox 585 1149 837 1179; x_wconf 82' lang='lat' dir='ltr'><strong>conteratur.</strong></span> <span class='ocrx_word' id='word_1_111' title='bbox 905 1138 1028 1178; x_wconf 87' lang='lat' dir='ltr'><strong>Unde</strong></span> <span class='ocrx_word' id='word_1_112' title='bbox 1060 1150 1102 1179; x_wconf 86' lang='lat' dir='ltr'><strong>et</strong></span> <span class='ocrx_word' id='word_1_113' title='bbox 1130 1139 1381 1179; x_wconf 83' lang='lat' dir='ltr'><strong>mirabiliter</strong></span> <span class='ocrx_word' id='word_1_114' title='bbox 1411 1151 1452 1180; x_wconf 90' lang='lat' dir='ltr'><strong>et</strong></span> <span class='ocrx_word' id='word_1_115' title='bbox 1481 1141 1698 1195; x_wconf 82' lang='lat' dir='ltr'><strong>praeclaro</strong></span> 
     </span>
     <span class='ocr_line' id='line_1_15' title="bbox 281 1214 1698 1272; baseline 0.003 -18"><span class='ocrx_word' id='word_1_116' title='bbox 281 1214 430 1254; x_wconf 89' lang='lat' dir='ltr'><strong>ordine</strong></span> <span class='ocrx_word' id='word_1_117' title='bbox 453 1215 663 1270; x_wconf 78' lang='lat' dir='ltr'><strong>propheta</strong></span> <span class='ocrx_word' id='word_1_118' title='bbox 691 1231 789 1254; x_wconf 91' lang='lat' dir='ltr'><strong>usus</strong></span> <span class='ocrx_word' id='word_1_119' title='bbox 823 1225 897 1263; x_wconf 89' lang='lat' dir='ltr'><strong>est,</strong></span> <span class='ocrx_word' id='word_1_120' title='bbox 928 1214 1091 1255; x_wconf 87' lang='lat' dir='ltr'><strong>dicens:</strong></span> <span class='ocrx_word' id='word_1_121' title='bbox 1122 1216 1369 1270; x_wconf 87' lang='lat' dir='ltr'><strong>„quomodo</strong></span> <span class='ocrx_word' id='word_1_122' title='bbox 1388 1217 1430 1272; x_wconf 82' lang='lat'><strong>³)</strong></span> <span class='ocrx_word' id='word_1_123' title='bbox 1463 1219 1698 1258; x_wconf 85' lang='lat' dir='ltr'><strong>confractus</strong></span> 
     </span>
     <span class='ocr_line' id='line_1_16' title="bbox 279 1291 1699 1345; baseline 0.002 -13"><span class='ocrx_word' id='word_1_124' title='bbox 279 1304 341 1332; x_wconf 87' lang='lat' dir='ltr'><strong>est</strong></span> <span class='ocrx_word' id='word_1_125' title='bbox 369 1304 411 1332; x_wconf 86' lang='lat' dir='ltr'><strong>et</strong></span> <span class='ocrx_word' id='word_1_126' title='bbox 442 1292 646 1332; x_wconf 86' lang='lat' dir='ltr'><strong>contritus</strong></span> <span class='ocrx_word' id='word_1_127' title='bbox 675 1291 853 1332; x_wconf 80' lang='lat' dir='ltr'><strong>malleus</strong></span> <span class='ocrx_word' id='word_1_128' title='bbox 893 1291 1111 1331; x_wconf 83' lang='lat' dir='ltr'><strong>universae</strong></span> <span class='ocrx_word' id='word_1_129' title='bbox 1140 1291 1306 1332; x_wconf 85' lang='lat' dir='ltr'><strong>terrae?</strong></span> <span class='ocrx_word' id='word_1_130' title='bbox 1365 1291 1599 1345; x_wconf 85' lang='lat' dir='ltr'><strong>Quomodo</strong></span> <span class='ocrx_word' id='word_1_131' title='bbox 1639 1296 1699 1335; x_wconf 80' lang='lat' dir='ltr'><strong>fa—</strong></span> 
     </span>
     <span class='ocr_line' id='line_1_17' title="bbox 279 1360 1711 1426; baseline 0.003 -17"><span class='ocrx_word' id='word_1_132' title='bbox 279 1381 342 1410; x_wconf 82' lang='lat' dir='ltr'><strong>cta</strong></span> <span class='ocrx_word' id='word_1_133' title='bbox 383 1380 444 1410; x_wconf 84' lang='lat' dir='ltr'><strong>est</strong></span> <span class='ocrx_word' id='word_1_134' title='bbox 481 1369 523 1409; x_wconf 92' lang='lat' dir='ltr'><strong>in</strong></span> <span class='ocrx_word' id='word_1_135' title='bbox 561 1368 855 1409; x_wconf 82' lang='lat' dir='ltr'><strong>exterminium</strong></span> <span class='ocrx_word' id='word_1_136' title='bbox 886 1368 1150 1426; x_wconf 75' lang='lat' dir='ltr'><strong>Babylon?“</strong></span> <span class='ocrx_word' id='word_1_137' title='bbox 1209 1366 1341 1422; x_wconf 88' lang='lat' dir='ltr'><strong>Quod</strong></span> <span class='ocrx_word' id='word_1_138' title='bbox 1370 1368 1511 1424; x_wconf 90' lang='lat' dir='ltr'><strong>primo</strong></span> <span class='ocrx_word' id='word_1_139' title='bbox 1541 1360 1711 1412; x_wconf 23' lang='lat' dir='ltr'><strong>factum-</strong></span> 
     </span>
     <span class='ocr_line' id='line_1_18' title="bbox 278 1446 1698 1504; baseline 0.001 -16"><span class='ocrx_word' id='word_1_140' title='bbox 278 1459 351 1497; x_wconf 87' lang='lat' dir='ltr'><strong>est,</strong></span> <span class='ocrx_word' id='word_1_141' title='bbox 381 1446 567 1503; x_wconf 90' lang='lat' dir='ltr'><strong>primum</strong></span> <span class='ocrx_word' id='word_1_142' title='bbox 597 1446 822 1487; x_wconf 82' lang='lat' dir='ltr'><strong>enarravit:</strong></span> <span class='ocrx_word' id='word_1_143' title='bbox 854 1448 971 1502; x_wconf 90' lang='lat' dir='ltr'><strong>quod</strong></span> <span class='ocrx_word' id='word_1_144' title='bbox 1000 1446 1201 1495; x_wconf 75' lang='lat' dir='ltr'><strong>secunde,</strong></span> <span class='ocrx_word' id='word_1_145' title='bbox 1233 1459 1540 1501; x_wconf 87' lang='lat' dir='ltr'><strong>consequenter</strong></span> <span class='ocrx_word' id='word_1_146' title='bbox 1571 1464 1698 1504; x_wconf 80' lang='lat' dir='ltr'><strong>expo-</strong></span> 
     </span>
     <span class='ocr_line' id='line_1_19' title="bbox 277 1522 1697 1580; baseline 0.001 -15"><span class='ocrx_word' id='word_1_147' title='bbox 277 1525 371 1566; x_wconf 89' lang='lat' dir='ltr'><strong>suit.</strong></span> <span class='ocrx_word' id='word_1_148' title='bbox 430 1525 487 1565; x_wconf 86' lang='lat' dir='ltr'><strong>Et</strong></span> <span class='ocrx_word' id='word_1_149' title='bbox 522 1526 603 1566; x_wconf 91' lang='lat' dir='ltr'><strong>hoc</strong></span> <span class='ocrx_word' id='word_1_150' title='bbox 646 1535 818 1580; x_wconf 84' lang='lat' dir='ltr'><strong>oportet</strong></span> <span class='ocrx_word' id='word_1_151' title='bbox 858 1540 935 1579; x_wconf 88' lang='lat' dir='ltr'><strong>per</strong></span> <span class='ocrx_word' id='word_1_152' title='bbox 972 1523 1159 1576; x_wconf 83' lang='lat' dir='ltr'><strong>singulos</strong></span> <span class='ocrx_word' id='word_1_153' title='bbox 1199 1522 1513 1578; x_wconf 82' lang='lat' dir='ltr'><strong>Scripturarum</strong></span> <span class='ocrx_word' id='word_1_154' title='bbox 1555 1527 1697 1566; x_wconf 85' lang='lat' dir='ltr'><strong>obser-</strong></span> 
     </span>
     <span class='ocr_line' id='line_1_20' title="bbox 278 1600 1697 1661; baseline 0.002 -20"><span class='ocrx_word' id='word_1_155' title='bbox 278 1619 371 1642; x_wconf 80' lang='lat' dir='ltr'><strong>vare</strong></span> <span class='ocrx_word' id='word_1_156' title='bbox 400 1618 629 1645; x_wconf 87' lang='lat' dir='ltr'><strong>sermones.</strong></span> <span class='ocrx_word' id='word_1_157' title='bbox 701 1601 884 1656; x_wconf 82' lang='lat' dir='ltr'><strong>Quando</strong></span> <span class='ocrx_word' id='word_1_158' title='bbox 915 1600 1057 1657; x_wconf 82' lang='lat' dir='ltr'><strong>itaque</strong></span> <span class='ocrx_word' id='word_1_159' title='bbox 1086 1600 1135 1641; x_wconf 85' lang='lat' dir='ltr'><strong>fit</strong></span> <span class='ocrx_word' id='word_1_160' title='bbox 1162 1600 1205 1641; x_wconf 90' lang='lat' dir='ltr'><strong>in</strong></span> <span class='ocrx_word' id='word_1_161' title='bbox 1236 1601 1531 1642; x_wconf 83' lang='lat' dir='ltr'><strong>exterminium</strong></span> <span class='ocrx_word' id='word_1_162' title='bbox 1560 1603 1697 1661; x_wconf 86' lang='lat' dir='ltr'><strong>Baby-</strong></span> 
     </span>
     <span class='ocr_line' id='line_1_21' title="bbox 278 1678 1696 1733; baseline 0.002 -15"><span class='ocrx_word' id='word_1_163' title='bbox 278 1679 380 1721; x_wconf 85' lang='lat' dir='ltr'><strong>lon?</strong></span> <span class='ocrx_word' id='word_1_164' title='bbox 411 1679 595 1733; x_wconf 83' lang='lat' dir='ltr'><strong>Quando</strong></span> <span class='ocrx_word' id='word_1_165' title='bbox 627 1678 955 1721; x_wconf 81' lang='lat' dir='ltr'><strong>exterminantur</strong></span> <span class='ocrx_word' id='word_1_166' title='bbox 985 1694 1132 1718; x_wconf 88' lang='lat' dir='ltr'><strong>omnes</strong></span> <span class='ocrx_word' id='word_1_167' title='bbox 1171 1678 1438 1719; x_wconf 82' lang='lat' dir='ltr'><strong>confusiones</strong></span> <span class='ocrx_word' id='word_1_168' title='bbox 1477 1680 1530 1720; x_wconf 90' lang='lat' dir='ltr'><strong>de</strong></span> <span class='ocrx_word' id='word_1_169' title='bbox 1560 1680 1696 1721; x_wconf 88' lang='lat' dir='ltr'><strong>anima</strong></span> 
     </span>
     <span class='ocr_line' id='line_1_22' title="bbox 275 1754 1693 1814; baseline 0.001 -17"><span class='ocrx_word' id='word_1_170' title='bbox 275 1773 382 1807; x_wconf 88' lang='lat' dir='ltr'><strong>mea,</strong></span> <span class='ocrx_word' id='word_1_171' title='bbox 411 1773 549 1813; x_wconf 89' lang='lat' dir='ltr'><strong>neque</strong></span> <span class='ocrx_word' id='word_1_172' title='bbox 578 1757 756 1798; x_wconf 87' lang='lat' dir='ltr'><strong>ulterius</strong></span> <span class='ocrx_word' id='word_1_173' title='bbox 786 1772 854 1796; x_wconf 89' lang='lat' dir='ltr'><strong>me</strong></span> <span class='ocrx_word' id='word_1_174' title='bbox 886 1754 1110 1796; x_wconf 87' lang='lat' dir='ltr'><strong>confundit</strong></span> <span class='ocrx_word' id='word_1_175' title='bbox 1128 1771 1244 1796; x_wconf 89' lang='lat' dir='ltr'><strong>mors</strong></span> <span class='ocrx_word' id='word_1_176' title='bbox 1266 1755 1358 1806; x_wconf 83' lang='lat' dir='ltr'><strong>filii,</strong></span> <span class='ocrx_word' id='word_1_177' title='bbox 1389 1769 1460 1797; x_wconf 83' lang='lat' dir='ltr'><strong>aut</strong></span> <span class='ocrx_word' id='word_1_178' title='bbox 1475 1757 1516 1814; x_wconf 74' lang='lat'><strong>⁴)</strong></span> <span class='ocrx_word' id='word_1_179' title='bbox 1532 1758 1693 1799; x_wconf 84' lang='lat' dir='ltr'><strong>uxoris:</strong></span> 
     </span>
     <span class='ocr_line' id='line_1_23' title="bbox 275 1832 1695 1889; baseline 0.002 -15"><span class='ocrx_word' id='word_1_180' title='bbox 275 1851 372 1875; x_wconf 89' lang='lat' dir='ltr'><strong>cum</strong></span> <span class='ocrx_word' id='word_1_181' title='bbox 400 1851 487 1874; x_wconf 90' lang='lat' dir='ltr'><strong>non</strong></span> <span class='ocrx_word' id='word_1_182' title='bbox 519 1847 593 1884; x_wconf 86' lang='lat' dir='ltr'><strong>est,</strong></span> <span class='ocrx_word' id='word_1_183' title='bbox 625 1835 697 1889; x_wconf 90' lang='lat' dir='ltr'><strong>qui</strong></span> <span class='ocrx_word' id='word_1_184' title='bbox 727 1850 795 1874; x_wconf 89' lang='lat' dir='ltr'><strong>me</strong></span> <span class='ocrx_word' id='word_1_185' title='bbox 825 1832 973 1881; x_wconf 88' lang='lat' dir='ltr'><strong>irritet,</strong></span> <span class='ocrx_word' id='word_1_186' title='bbox 1005 1844 1046 1873; x_wconf 88' lang='lat' dir='ltr'><strong>et</strong></span> <span class='ocrx_word' id='word_1_187' title='bbox 1074 1845 1283 1888; x_wconf 88' lang='lat' dir='ltr'><strong>provocet</strong></span> <span class='ocrx_word' id='word_1_188' title='bbox 1311 1834 1364 1874; x_wconf 82' lang='lat' dir='ltr'><strong>ad</strong></span> <span class='ocrx_word' id='word_1_189' title='bbox 1389 1834 1614 1886; x_wconf 77' lang='lat' dir='ltr'><strong>tristitiam,</strong></span> <span class='ocrx_word' id='word_1_190' title='bbox 1643 1838 1695 1877; x_wconf 83' lang='lat' dir='ltr'><strong>ad</strong></span> 
     </span>
     <span class='ocr_line' id='line_1_24' title="bbox 274 1910 1694 1967; baseline 0.001 -15"><span class='ocrx_word' id='word_1_191' title='bbox 274 1911 393 1963; x_wconf 86' lang='lat' dir='ltr'><strong>iram,</strong></span> <span class='ocrx_word' id='word_1_192' title='bbox 423 1913 477 1953; x_wconf 82' lang='lat' dir='ltr'><strong>ad</strong></span> <span class='ocrx_word' id='word_1_193' title='bbox 507 1910 905 1967; x_wconf 85' lang='lat' dir='ltr'><strong>concupiscentiam,</strong></span> <span class='ocrx_word' id='word_1_194' title='bbox 935 1911 988 1950; x_wconf 86' lang='lat' dir='ltr'><strong>ad</strong></span> <span class='ocrx_word' id='word_1_195' title='bbox 1020 1911 1302 1965; x_wconf 82' lang='lat' dir='ltr'><strong>voluptatem:</strong></span> <span class='ocrx_word' id='word_1_196' title='bbox 1343 1913 1512 1966; x_wconf 82' lang='lat' dir='ltr'><strong>quando</strong></span> <span class='ocrx_word' id='word_1_197' title='bbox 1542 1930 1694 1954; x_wconf 84' lang='lat' dir='ltr'><strong>maneo</strong></span> 
     </span>
     <span class='ocr_line' id='line_1_25' title="bbox 274 1987 1694 2043; baseline 0.001 -14"><span class='ocrx_word' id='word_1_198' title='bbox 274 1989 532 2040; x_wconf 86' lang='lat' dir='ltr'><strong>inconfusus,</strong></span> <span class='ocrx_word' id='word_1_199' title='bbox 561 2004 773 2030; x_wconf 83' lang='lat' dir='ltr'><strong>assumens</strong></span> <span class='ocrx_word' id='word_1_200' title='bbox 799 1987 1030 2037; x_wconf 79' lang='lat' dir='ltr'><strong>rationem,</strong></span> <span class='ocrx_word' id='word_1_201' title='bbox 1070 2003 1175 2043; x_wconf 83' lang='lat' dir='ltr'><strong>quae</strong></span> <span class='ocrx_word' id='word_1_202' title='bbox 1203 2003 1272 2027; x_wconf 89' lang='lat' dir='ltr'><strong>me</strong></span> <span class='ocrx_word' id='word_1_203' title='bbox 1304 1988 1527 2030; x_wconf 81' lang='lat' dir='ltr'><strong>confirmet</strong></span> <span class='ocrx_word' id='word_1_204' title='bbox 1555 2002 1597 2031; x_wconf 88' lang='lat' dir='ltr'><strong>et</strong></span> <span class='ocrx_word' id='word_1_205' title='bbox 1626 2007 1694 2031; x_wconf 88' lang='lat' dir='ltr'><strong>ro—</strong></span> 
     </span>
     <span class='ocr_line' id='line_1_26' title="bbox 274 2063 1692 2122; baseline -0.001 -13"><span class='ocrx_word' id='word_1_206' title='bbox 274 2069 411 2118; x_wconf 89' lang='lat' dir='ltr'><strong>boret,</strong></span> <span class='ocrx_word' id='word_1_207' title='bbox 440 2079 539 2109; x_wconf 90' lang='lat' dir='ltr'><strong>tunc</strong></span> <span class='ocrx_word' id='word_1_208' title='bbox 569 2066 674 2107; x_wconf 85' lang='lat' dir='ltr'><strong>mihi</strong></span> <span class='ocrx_word' id='word_1_209' title='bbox 702 2064 869 2115; x_wconf 87' lang='lat' dir='ltr'><strong>accidit,</strong></span> <span class='ocrx_word' id='word_1_210' title='bbox 899 2064 1015 2121; x_wconf 87' lang='lat' dir='ltr'><strong>quod</strong></span> <span class='ocrx_word' id='word_1_211' title='bbox 1040 2063 1200 2105; x_wconf 84' lang='lat' dir='ltr'><strong>dictum</strong></span> <span class='ocrx_word' id='word_1_212' title='bbox 1225 2075 1301 2105; x_wconf 87' lang='lat' dir='ltr'><strong>est:</strong></span> <span class='ocrx_word' id='word_1_213' title='bbox 1334 2066 1528 2122; x_wconf 82' lang='lat' dir='ltr'><strong>„facta⁵)</strong></span> <span class='ocrx_word' id='word_1_214' title='bbox 1560 2079 1622 2108; x_wconf 85' lang='lat' dir='ltr'><strong>est</strong></span> <span class='ocrx_word' id='word_1_215' title='bbox 1651 2068 1692 2108; x_wconf 80' lang='lat' dir='ltr'><strong>&#39;m</strong></span> 
     </span>
     <span class='ocr_line' id='line_1_27' title="bbox 273 2141 1693 2202; baseline 0 -16"><span class='ocrx_word' id='word_1_216' title='bbox 273 2146 567 2187; x_wconf 81' lang='lat' dir='ltr'><strong>exterminium</strong></span> <span class='ocrx_word' id='word_1_217' title='bbox 596 2144 847 2202; x_wconf 75' lang='lat' dir='ltr'><strong>Babylon:“</strong></span> <span class='ocrx_word' id='word_1_218' title='bbox 876 2144 959 2183; x_wconf 86' lang='lat' dir='ltr'><strong>hoc</strong></span> <span class='ocrx_word' id='word_1_219' title='bbox 988 2153 1062 2192; x_wconf 88' lang='lat' dir='ltr'><strong>est,</strong></span> <span class='ocrx_word' id='word_1_220' title='bbox 1090 2141 1282 2182; x_wconf 84' lang='lat' dir='ltr'><strong>universa</strong></span> <span class='ocrx_word' id='word_1_221' title='bbox 1311 2144 1517 2185; x_wconf 88' lang='lat' dir='ltr'><strong>confusio.</strong></span> <span class='ocrx_word' id='word_1_222' title='bbox 1564 2144 1693 2186; x_wconf 87' lang='lat' dir='ltr'><strong>Fiunt</strong></span> 
     </span>
     <span class='ocr_line' id='line_1_28' title="bbox 275 2219 1692 2274; baseline -0.001 -9"><span class='ocrx_word' id='word_1_223' title='bbox 275 2236 414 2265; x_wconf 84' lang='lat' dir='ltr'><strong>autem</strong></span> <span class='ocrx_word' id='word_1_224' title='bbox 444 2224 543 2274; x_wconf 82' lang='lat' dir='ltr'><strong>ista,</strong></span> <span class='ocrx_word' id='word_1_225' title='bbox 574 2223 617 2263; x_wconf 90' lang='lat' dir='ltr'><strong>id</strong></span> <span class='ocrx_word' id='word_1_226' title='bbox 649 2234 728 2272; x_wconf 91' lang='lat' dir='ltr'><strong>est,</strong></span> <span class='ocrx_word' id='word_1_227' title='bbox 769 2219 996 2273; x_wconf 85' lang='lat' dir='ltr'><strong>confringi,</strong></span> <span class='ocrx_word' id='word_1_228' title='bbox 1035 2231 1075 2260; x_wconf 87' lang='lat' dir='ltr'><strong>et</strong></span> <span class='ocrx_word' id='word_1_229' title='bbox 1114 2219 1277 2261; x_wconf 87' lang='lat' dir='ltr'><strong>conteri</strong></span> <span class='ocrx_word' id='word_1_230' title='bbox 1314 2221 1517 2262; x_wconf 87' lang='lat' dir='ltr'><strong>malleum</strong></span> <span class='ocrx_word' id='word_1_231' title='bbox 1556 2223 1692 2264; x_wconf 88' lang='lat' dir='ltr'><strong>omnis</strong></span> 
     </span>
     <span class='ocr_line' id='line_1_29' title="bbox 271 2299 1694 2356; baseline 0.001 -16"><span class='ocrx_word' id='word_1_232' title='bbox 271 2312 421 2351; x_wconf 86' lang='lat' dir='ltr'><strong>terrae,</strong></span> <span class='ocrx_word' id='word_1_233' title='bbox 452 2312 494 2342; x_wconf 89' lang='lat' dir='ltr'><strong>et</strong></span> <span class='ocrx_word' id='word_1_234' title='bbox 524 2299 723 2342; x_wconf 89' lang='lat' dir='ltr'><strong>demoliri</strong></span> <span class='ocrx_word' id='word_1_235' title='bbox 752 2299 1031 2356; x_wconf 77' lang='lat' dir='ltr'><strong>Babylonem,</strong></span> <span class='ocrx_word' id='word_1_236' title='bbox 1062 2313 1158 2338; x_wconf 91' lang='lat' dir='ltr'><strong>cum</strong></span> <span class='ocrx_word' id='word_1_237' title='bbox 1187 2308 1330 2350; x_wconf 86' lang='lat' dir='ltr'><strong>gentes</strong></span> <span class='ocrx_word' id='word_1_238' title='bbox 1348 2312 1694 2356; x_wconf 88' lang='lat' dir='ltr'><strong>superponuntur</strong></span> 
     </span>
     <span class='ocr_line' id='line_1_30' title="bbox 270 2375 1690 2436; baseline 0.001 -19"><span class='ocrx_word' id='word_1_239' title='bbox 270 2378 442 2428; x_wconf 82' lang='lat' dir='ltr'><strong>mallee,</strong></span> <span class='ocrx_word' id='word_1_240' title='bbox 474 2390 516 2419; x_wconf 86' lang='lat' dir='ltr'><strong>et</strong></span> <span class='ocrx_word' id='word_1_241' title='bbox 543 2377 766 2436; x_wconf 84' lang='lat' dir='ltr'><strong>Babyloni.</strong></span> <span class='ocrx_word' id='word_1_242' title='bbox 826 2375 1043 2431; x_wconf 87' lang='lat' dir='ltr'><strong>Scriptum</strong></span> <span class='ocrx_word' id='word_1_243' title='bbox 1076 2386 1136 2416; x_wconf 84' lang='lat' dir='ltr'><strong>est</strong></span> <span class='ocrx_word' id='word_1_244' title='bbox 1165 2375 1299 2416; x_wconf 84' lang='lat' dir='ltr'><strong>enim:</strong></span> <span class='ocrx_word' id='word_1_245' title='bbox 1339 2376 1410 2428; x_wconf 89' lang='lat' dir='ltr'><strong>„in</strong></span> <span class='ocrx_word' id='word_1_246' title='bbox 1426 2377 1469 2433; x_wconf 76' lang='lat'><strong>⁶)</strong></span> <span class='ocrx_word' id='word_1_247' title='bbox 1500 2378 1690 2430; x_wconf 86' lang='lat' dir='ltr'><strong>gentibus</strong></span> 
     </span>
    </p>
   </div>
   <div class='ocr_carea' id='block_1_3' title="bbox 271 2452 1686 2510">
    <p class='ocr_par' dir='ltr' id='par_1_3' title="bbox 271 2452 1686 2510">
     <span class='ocr_line' id='line_1_31' title="bbox 271 2452 1686 2510; baseline 0.002 -16"><span class='ocrx_word' id='word_1_248' title='bbox 271 2467 612 2510; x_wconf 86' lang='lat' dir='ltr'><strong>superponentur</strong></span> <span class='ocrx_word' id='word_1_249' title='bbox 642 2454 777 2495; x_wconf 88' lang='lat' dir='ltr'><strong>tibi:“</strong></span> <span class='ocrx_word' id='word_1_250' title='bbox 819 2455 901 2495; x_wconf 90' lang='lat' dir='ltr'><strong>hoc</strong></span> <span class='ocrx_word' id='word_1_251' title='bbox 932 2464 1015 2504; x_wconf 85' lang='lat' dir='ltr'><strong>est,</strong></span> <span class='ocrx_word' id='word_1_252' title='bbox 1054 2452 1104 2503; x_wconf 84' lang='lat' dir='ltr'><strong>ii,</strong></span> <span class='ocrx_word' id='word_1_253' title='bbox 1145 2452 1218 2509; x_wconf 89' lang='lat' dir='ltr'><strong>qui</strong></span> <span class='ocrx_word' id='word_1_254' title='bbox 1257 2454 1309 2494; x_wconf 87' lang='lat' dir='ltr'><strong>de</strong></span> <span class='ocrx_word' id='word_1_255' title='bbox 1347 2454 1540 2508; x_wconf 84' lang='lat' dir='ltr'><strong>gentibus</strong></span> <span class='ocrx_word' id='word_1_256' title='bbox 1578 2467 1686 2507; x_wconf 84' lang='lat' dir='ltr'><strong>sunt,</strong></span> 
     </span>
    </p>
   </div>
   <div class='ocr_carea' id='block_1_4' title="bbox 384 2628 1590 2894">
    <p class='ocr_par' dir='ltr' id='par_1_4' title="bbox 384 2628 1590 2752">
     <span class='ocr_line' id='line_1_32' title="bbox 389 2628 1590 2684; baseline 0.001 -16"><span class='ocrx_word' id='word_1_257' title='bbox 389 2628 428 2683; x_wconf 88' lang='lat'><strong>¹)</strong></span> <span class='ocrx_word' id='word_1_258' title='bbox 459 2628 593 2669; x_wconf 83' lang='lat' dir='ltr'><strong>Deest</strong></span> <span class='ocrx_word' id='word_1_259' title='bbox 621 2635 718 2679; x_wconf 85' lang='lat' dir='ltr'><strong>„et“</strong></span> <span class='ocrx_word' id='word_1_260' title='bbox 748 2628 791 2669; x_wconf 90' lang='lat' dir='ltr'><strong>in</strong></span> <span class='ocrx_word' id='word_1_261' title='bbox 823 2629 886 2669; x_wconf 88' lang='lat' dir='ltr'><strong>ed.</strong></span> <span class='ocrx_word' id='word_1_262' title='bbox 920 2629 1069 2670; x_wconf 82' lang='lat' dir='ltr'><strong>Ruaei.</strong></span> <span class='ocrx_word' id='word_1_263' title='bbox 1187 2629 1230 2684; x_wconf 87' lang='lat'><strong>²)</strong></span> <span class='ocrx_word' id='word_1_264' title='bbox 1261 2628 1415 2671; x_wconf 84' lang='lat' dir='ltr'><strong>Jerem.</strong></span> <span class='ocrx_word' id='word_1_265' title='bbox 1451 2630 1497 2680; x_wconf 90' lang='lat' dir='ltr'><strong>L,</strong></span> <span class='ocrx_word' id='word_1_266' title='bbox 1527 2629 1590 2674; x_wconf 58' lang='lat' dir='ltr'><strong>23&gt;v</strong></span> 
     </span>
     <span class='ocr_line' id='line_1_33' title="bbox 384 2697 892 2752; baseline 0.008 -14"><span class='ocrx_word' id='word_1_267' title='bbox 384 2698 428 2752; x_wconf 87' lang='grc'><strong>3)</strong></span> <span class='ocrx_word' id='word_1_268' title='bbox 462 2697 547 2739; x_wconf 88' lang='lat' dir='ltr'><strong>Cfr.</strong></span> <span class='ocrx_word' id='word_1_269' title='bbox 577 2699 730 2740; x_wconf 88' lang='lat' dir='ltr'><strong>Jerem.</strong></span> <span class='ocrx_word' id='word_1_270' title='bbox 762 2699 809 2750; x_wconf 92' lang='lat' dir='ltr'><strong>L,</strong></span> <span class='ocrx_word' id='word_1_271' title='bbox 838 2698 892 2742; x_wconf 81' lang='lat'><strong>23</strong></span> 
     </span>
    </p>

    <p class='ocr_par' dir='ltr' id='par_1_5' title="bbox 386 2767 1173 2821">
     <span class='ocr_line' id='line_1_34' title="bbox 386 2767 1173 2821; baseline 0.004 -14"><span class='ocrx_word' id='word_1_272' title='bbox 386 2767 427 2821; x_wconf 69' lang='grc'><strong>4)</strong></span> <span class='ocrx_word' id='word_1_273' title='bbox 459 2767 567 2808; x_wconf 90' lang='lat' dir='ltr'><strong>Edd.</strong></span> <span class='ocrx_word' id='word_1_274' title='bbox 600 2769 662 2810; x_wconf 90' lang='grc' dir='ltr'><strong>Μ.</strong></span> <span class='ocrx_word' id='word_1_275' title='bbox 693 2781 791 2820; x_wconf 80' lang='lat' dir='ltr'><strong>„aut</strong></span> <span class='ocrx_word' id='word_1_276' title='bbox 822 2770 961 2812; x_wconf 87' lang='lat' dir='ltr'><strong>obitus</strong></span> <span class='ocrx_word' id='word_1_277' title='bbox 992 2769 1173 2811; x_wconf 64' lang='lat' dir='ltr'><strong>uxo1·is.“</strong></span> 
     </span>
    </p>

    <p class='ocr_par' dir='ltr' id='par_1_6' title="bbox 386 2838 1537 2894">
     <span class='ocr_line' id='line_1_35' title="bbox 386 2838 1537 2894; baseline 0.001 -16"><span class='ocrx_word' id='word_1_278' title='bbox 386 2838 427 2892; x_wconf 83' lang='lat'><strong>⁵)</strong></span> <span class='ocrx_word' id='word_1_279' title='bbox 459 2838 612 2880; x_wconf 88' lang='lat' dir='ltr'><strong>Jerem.</strong></span> <span class='ocrx_word' id='word_1_280' title='bbox 640 2841 686 2891; x_wconf 90' lang='lat' dir='ltr'><strong>L,</strong></span> <span class='ocrx_word' id='word_1_281' title='bbox 717 2839 781 2884; x_wconf 84' lang='lat'><strong>23.</strong></span> <span class='ocrx_word' id='word_1_282' title='bbox 904 2841 944 2894; x_wconf 75' lang='grc'><strong>6)</strong></span> <span class='ocrx_word' id='word_1_283' title='bbox 979 2839 1063 2882; x_wconf 87' lang='lat' dir='ltr'><strong>Cfr.</strong></span> <span class='ocrx_word' id='word_1_284' title='bbox 1095 2840 1252 2882; x_wconf 85' lang='lat' dir='ltr'><strong>Jerem.</strong></span> <span class='ocrx_word' id='word_1_285' title='bbox 1278 2841 1326 2889; x_wconf 87' lang='lat' dir='ltr'><strong>L,</strong></span> <span class='ocrx_word' id='word_1_286' title='bbox 1356 2839 1421 2883; x_wconf 87' lang='grc'><strong>23.</strong></span> <span class='ocrx_word' id='word_1_287' title='bbox 1457 2839 1537 2881; x_wconf 50' lang='lat'>242*-</span> 
     </span>
    </p>
   </div>
  </div>
 </body>
</html>
