1734 3112
405 108 469 151 Ex
500 108 632 150 Ome.
666 118 710 147 m
741 105 1210 149 CANT.CANT100RUM.
1462 103 1517 147 93

103 220 216 266 ὅθεν
243 237 283 265 τι
307 215 538 278 χρήσιμόν
573 217 664 262 ἐστι
695 219 871 273 λαβεῖν·
912 215 1026 260 ἀλλὰ
1068 218 1145 260 καὶ
1182 217 1235 261 ἐν
1270 219 1366 264 ταῖς
1393 218 1517 259 πλα-

101 303 260 347 τείαις·
301 296 535 353 ,,σοφία’)
566 294 658 353 γὰρ
689 295 739 338 ἒν
769 286 942 344 ἐξόδοις
970 292 1203 352 ὑμνεῖται,
1236 294 1285 337 ἓν
1316 292 1366 335 δὲ
1394 294 1517 334 πλα-

102 380 237 424 τείαις
266 375 522 433 παρρησίαν
537 372 580 428 2)
610 367 761 429 ιῖίγειέί
820 369 1172 428 Κεκελεύσμεθα
1204 370 1254 414 δὲ
1283 371 1360 413 καὶ
1388 366 1517 423 ἡμεῖς

102 453 177 496 ἐπὶ
206 449 254 495 τὸ
286 448 454 498 πλάτος
482 450 558 503 τῆς
587 449 774 504 καρδίας
803 445 934 503 ἡμῶν
970 445 1163 507 γράψαι.
1231 449 1435 496 ῘΙΙΙείζονα
1466 444 1517 486 δὲ

102 531 290 583 ζητοῦσα
319 523 347 582 ἢ
377 526 469 569 κατ’
492 524 667 584 ἀγοράς
688 528 764 568 καὶ
785 528 1013 580 πλατείας,
1044 523 1108 584 μὴ
1131 524 1362 580 εὑρηκέναι
1386 524 1515 579 φησί.

99 603 228 659 Πλὴν
268 601 417 647 ὁδεύει
460 599 601 646 πάλιν
642 602 718 644 ἐπὶ
758 600 839 657 τὴν
874 599 1052 661 εὕρεσιν
1090 600 1385 659 εὑρισκομένη
1424 594 1515 640 ὑπὸ

99 682 189 723 τῶν
239 677 499 736 τηρούντων
551 677 631 734 τὴν
679 677 838 734 πόλιν,
892 682 969 722 καὶ
1019 676 1308 722 κυκλούντων
1358 672 1513 730 αὐτήν.

98 752 210 800 Εἶεν
248 753 307 799 ἄν
345 755 400 799 τὰ
438 753 721 813 λειτουργικὰ
737 755 779 811 3)
821 754 1086 813 πνεύματα·
1126 747 1344 810 ,,οῦτοί4)
1384 756 1512 806 εἰσιν,

101 829 178 882 οὓς
218 832 451 877 ἀπέστειλε
497 831 649 889 κύριος
695 835 985 890 περιοδεῦσαι
1026 831 1107 886 τὴν
1150 832 1304 888 γῆν·“
1350 822 1415 874 ὧν
1458 826 1514 884 δὴ

99 912 203 970 περὶ
235 913 312 954 τοῦ
342 913 641 967 ποθουμένου
671 908 969 956 πυνθάνεται.
1040 909 1133 954 Οὐκ
1172 907 1517 966 ἀναγέγραπται

100 987 150 1031 δὲ
178 985 204 1041 ἡ
237 984 407 1031 τούτων
445 984 696 1042 ἀπόκρισις.
762 985 1094 1044 Λιὸασκόμεθα
1134 986 1205 1041 δὲ,
1254 988 1293 1029 εἰ
1328 986 1515 1041 μέλλοι-

98 1078 187 1121 μεν
216 1061 364 1122 εὑρεῖν
393 1061 472 1107 τὸν
501 1061 823 1120 ποθούμενον,
865 1064 1023 1122 ὀλίγον
1051 1081 1092 1107 τι
1122 1065 1405 1121 περιελθεῖν,
1436 1063 1515 1104 καὶ

98 1145 323 1200 κρείττους
344 1144 560 1198 γενέσθαι
577 1143 668 1185 τῶν
693 1139 912 1185 τοιούτων
934 1141 1167 1199 ἀγγέλων·
1198 1143 1301 1198 περὶ
1327 1131 1391 1182 ὧν
1420 1140 1515 1182 ἔοι-

99 1233 178 1261 κεν
207 1218 257 1261 ἒν
284 1218 495 1279 ἐπιστολῇ
524 1220 673 1276 λέγειν
702 1216 724 1262 ὁ
755 1223 939 1277 Πέτρος,
973 1216 1208 1262 διδάσκων
1236 1216 1317 1273 τὴν
1339 1215 1512 1274 ὑπερο-

88 1291 185 1359 χὴν
212 1297 304 1339 τῶν
331 1300 424 1345 τοῖς
446 1298 628 1345 τελείοις
652 1295 982 1351 ἀποκειμένων,
1015 1295 1132 1349 εῑςό)
1166 1290 1229 1349 ,,ιῖ
1253 1294 1514 1351 ἐπιθυμοῦ-

99 1385 173 1414 σιν
202 1367 389 1429 ἔέγγελοι
418 1371 742 1428 παρακύψαι.“
797 1371 1052 1429 Ἀγαπητὸν
1083 1372 1133 1415 δὲ
1162 1369 1305 1428 βραχύ
1335 1387 1377 1412 τι
1412 1368 1514 1418 τοὺς

97 1446 326 1497 τοιούτους
354 1455 679 1506 παρενεγκεῖν,
712 1448 765 1492 ἵν’
800 1448 961 1509 εὑρεθῇ
991 1447 1041 1492 τό
1073 1446 1396 1504 ποθούμενον,
1436 1450 1513 1490 καὶ

99 1523 287 1583 εὑρεθὲν
325 1528 547 1586 κρατηθῇ,
589 1529 665 1569 καὶ
703 1526 929 1583 κρατηθὲν
969 1527 1134 1586 νοηθῇ·
1176 1521 1393 1579 ἀνόνητος
1422 1522 1511 1581 γὰρ

101 1600 128 1657 ή
160 1599 383 1660 κράτησις,
417 1606 456 1646 εἳ
484 1601 547 1659 μὴ
579 1601 628 1646 τὸ
660 1603 827 1657 νοηθὲν
857 1600 1043 1658 συνεχὴς
1072 1605 1232 1658 μελέτη
1264 1599 1512 1656 κρατήσειε.

100 1677 186 1722 Διό
228 1693 391 1736 φησιν·
434 1679 550 1735 ,,οὐκ
566 1680 608 1736 6)
649 1680 805 1738 ἀφῆκα
845 1677 1008 1735 αὐτὸν,
1057 1679 1139 1726 ἕως
1169 1669 1222 1721 οῦ
1262 1676 1513 1735 εἰσήγαγον

100 1754 237 1800 αὐτὸν
267 1759 329 1805 εἰς
358 1753 438 1799 τὸν
478 1753 607 1800 οἶκον
645 1754 815 1813 μητρός
855 1754 1013 1811 μου·ίι
1051 1757 1126 1797 ἵνα
1164 1757 1239 1798 καὶ
1277 1753 1390 1808 μετὰ
1431 1752 1513 1808 τὴν

98 1832 312 1877 ἐντεῦθεν
349 1834 510 1882 ἔξοδον
547 1836 744 1878 εἰσέλθοι
783 1831 870 1876 σῦν
909 1831 1026 1888 αὐτῷ
1068 1835 1128 1881 εἷς
1164 1829 1244 1876 τὸν
1282 1827 1411 1876 οἶκον
1438 1834 1515 1886 τῆς

96 1905 192 1952 ἄνω
220 1907 525 1969 Ἰερουσαλήμ.
573 1906 722 1954 ’Ένθα
753 1906 923 1966 εἰσάγει
963 1907 1016 1951 τὰ
1047 1906 1284 1964 κοινότερα
1314 1911 1405 1952 τῶν
1435 1911 1512 1952 τοῦ

96 1984 237 2043 λόγου
267 1986 566 2047 θεωρήματα·
607 1986 659 2032 τὰ
702 1989 753 2032 δὲ
784 1983 1121 2048 ἀπορῥητότερα
1158 1990 1218 2035 εἰς
1248 1985 1302 2030 τὰ
1331 1991 1513 2043 ταμιεῖα

96 2065 172 2117 τῆς
201 2062 507 2120 συλλαβούσης
543 2063 625 2120 τὴν
660 2062 863 2122 νύμφην.
919 2062 980 2106 Ἠ
1012 2062 1123 2119 αὐτὴ
1163 2064 1213 2108 δὲ
1252 2061 1397 2122 μήτηρ
1436 2064 1514 2106 καὶ

97 2141 384 2195 συλλαβοῦσα
414 2142 653 2198 δηλοῦται,
699 2140 776 2185 διὰ
813 2140 864 2185 τὸ
903 2142 952 2185 ἕν
981 2143 1031 2202 τῇ
1062 2138 1283 2197 συλλήψει
1312 2139 1394 2195 τὴν
1423 2139 1511 2197 ἆρ-

92 2213 184 2271 χὴν
211 2219 286 2271 τῆς
316 2216 571 2268 συστάσεως
601 2214 737 2262 εἶναι·
775 2217 925 2277 μήτηρ
955 2219 1005 2262 δὲ
1034 2221 1257 2276 λεγομένη
1287 2215 1401 2274 μετὰ
1430 2216 1513 2260 ‘tiu

99 2289 360 2351 μόρφωσιν,
394 2298 471 2338 καὶ
499 2293 580 2352 τὴν
609 2298 688 2339 τοῦ
720 2299 1059 2355 συλληᾳιθέντος
1088 2298 1330 2339 τελείωσιν.

213 2372 387 2427 ,,Τίς7)
419 2370 526 2428 αὕτη
557 2371 583 2429 ἡ
615 2372 998 2428 ἀναβαι’νουσα;“
1043 2370 1172 2427 Καλὴ
1202 2375 1306 2414 λίαν
1333 2369 1358 2426 ή
1388 2370 1509 2414 (ἐνα-

98 2449 321 2501 βαίνουσα
356 2453 440 2505 βίῳ
477 2453 553 2493 καὶ
589 2448 710 2508 λόγῳ
742 2448 891 2508 ψυχὴ,
934 2452 1149 2508 φυγοῦσα
1179 2447 1232 2492 τὰ
1264 2447 1388 2505 παρὰ
1419 2454 1510 2497 τοῖς

219 2621 258 2676 ¹)
288 2621 415 2662 Prov.
447 2623 480 2672 I,
510 2623 576 2666 20.
695 2627 736 2681 2)
769 2626 847 2667 Ed.
878 2626 1030 2667 Ruaei:
1064 2630 1331 2680 παρουσίαν.

218 2693 259 2747 3)
291 2691 377 2733 Cfr.
409 2692 537 2735 Hebr.
568 2694 601 2743 Ῑ,
634 2694 697 2738 1-1.
818 2697 860 2751 ⁴²)
891 2697 1061 2737 Zachar.
1094 2697 1127 2745 I,
1160 2695 1223 2739 10.

216 2762 257 2817 ⁵)
289 2762 308 2801 I
337 2763 450 2804 Petr.
482 2762 514 2811 I,
547 2761 611 2804 12.
731 2765 772 2818 6)
805 2764 962 2808 Cantic.
995 2767 1072 2815 Ill,
1103 2766 1140 2807 4.

215 2830 257 2885 ⁷)
290 2830 448 2874 cantic.
483 2832 558 2881 111,
591 2831 627 2873 6.
