1763 3112
611 96 809 137 nomm
837 93 950 135 XVI.
1410 98 1488 143 301

82 211 179 264 τῶς,
211 210 289 252 καὶ
316 206 416 257 τούς
456 208 625 261 νοητῶς
664 208 910 254 ποιοῦντας
939 205 1114 254 ἑαυτοῖς
1142 207 1277 256 θεοὺς
1310 210 1490 269 διελέγ-

75 301 177 342 χων
215 284 238 329 ὁ
277 282 412 341 λόγος
449 288 615 340 φησίν·
663 283 795 338 ,,εἰῙ)
829 279 1012 336 ποιήσει
1057 282 1199 339 ἑαυτῷ
1246 280 1491 343 ἅνθρωπος

79 361 230 417 θεοὺς,
261 364 338 405 καὶ
369 351 494 404 οὗτοι
527 359 608 404 οὐκ
632 362 719 404 εἰσὶ
747 364 874 404 θεοί·
905 358 984 403 δια
1012 361 1142 404 τοῦτο
1181 359 1271 417 ἐγώ
1303 362 1490 416 δηλώσω

81 440 231 488 αὐτοῖς
258 437 339 493 τὴν
361 434 496 495 χεῖρά
526 452 618 494 μου
649 436 700 480 ἓν
727 438 790 492 τῷ
820 439 961 497 καιρῷ
991 434 1158 493 τούτῳ,
1203 440 1280 480 καὶ
1309 443 1487 498 γνωριῶ

80 515 231 565 αὐτοῖς
257 517 337 558 καὶ
365 513 447 570 τὴν
484 511 686 572 δύναμίν
712 515 854 571 μου.“
909 518 1038 569 Ποίῳ
1067 516 1236 571 καιρῷ,
1268 512 1294 570 ἢ
1325 513 1490 572 τούτῳ;

78 589 313 635 Λεικνύων
359 592 411 635 δὲ
449 589 530 635 τὸν
573 589 733 649 καιρὸν
769 593 846 644 τῆς
893 595 1148 651 παρουσίας
1184 594 1264 635 τοῦ
1306 598 1488 652 κυρίου·

78 671 190 723 ,,καὶ
204 669 247 725 ²)
277 665 550 725 γνώσονται,
584 670 740 724 φησὶν,
775 665 841 710 ὅτι.
872 663 1020 725 ὄνομα
1050 684 1132 725 μοι
1162 667 1366 728 κύριος.“

189 745 254 789 10.
284 741 399 789 Εἶτα
440 741 550 800 ἶίλλη
590 744 684 788 ἐστὶ
720 751 1000 803 προφητεία,
1042 742 1100 801 ἢν
1137 745 1222 790 οὐκ
1252 744 1338 791 οἶδ’
1369 745 1490 797 ὅπως

79 821 206 883 παρὰ
237 828 330 872 τοῖς
356 819 698 880 Ἑβδομήκοντα
740 821 823 879 οὐχ
860 820 1077 879 εὕρομεν,
1122 821 1316 882 εὕρομεν
1352 826 1404 869 δὲ
1441 827 1492 869 ἕν

79 904 174 949 ταῖς
202 902 382 949 λοιπαῖς
411 897 636 954 ἒκδόσεσι,
661 897 872 954 δηλονότι
896 902 1108 955 κειμένην
1127 901 1178 943 ἓν
1198 904 1259 958 τῷ
1278 903 1489 961 ἑβραϊκῷ,

77 979 155 1019 καὶ
191 973 481 1033 πεπλήρωται
520 974 807 1033 πραγμάτων
846 973 1244 1033 ἀναγκαιοτάτων,
1285 980 1488 1036 δυναμέ-

77 1069 194 1107 νων,
241 1052 322 1096 {dv
359 1056 683 1110 προσέχωμεν,
733 1053 1002 1110 ἐπιστρέψαι
1045 1051 1127 1096 την
1156 1053 1311 1111 ψυχὴν
1341 1055 1487 1114 ἡμῶν.

81 1127 231 1179 Οὕτως
272 1131 323 1174 δὲ
353 1131 443 1187 ἔχει
481 1129 535 1174 τὰ
575 1127 779 1188 ῥήματα·
818 1127 1110 1188 ,,ἁμαρτία3)
1139 1129 1287 1175 Ἰούδα
1318 1138 1489 1192 γέγρα-

75 1223 183 1250 πται
212 1208 263 1251 ἓν
289 1212 476 1265 γραφίῳ
510 1209 696 1266 σιδηρῷ,
730 1208 781 1251 ἒν
812 1203 943 1263 ὄνυχι
974 1206 1269 1264 ἀδαμαντίνῳ
1299 1209 1488 1265 ἐγκεκο-

75 1286 283 1342 λαμμένη
311 1285 388 1329 ἐπὶ
418 1287 496 1328 τοῦ
528 1283 726 1338 στήθους
755 1286 830 1338 τῆς
848 1285 1038 1342 καρδίας
1060 1283 1262 1329 αὐτῶν.“
1302 1285 1428 1331 Ἐπεὶ
1444 1287 1486 1345 4)

74 1361 426 1419 δυσχερέστερον
455 1359 616 1404 ἑαυτὸν
655 1361 917 1416 ἐπιδοῦναι,
962 1364 1039 1404 καὶ
1067 1364 1235 1417 εἰπεῖν,
1279 1361 1346 1406 ὅτι
1384 1367 1489 1422 περὶ

76 1439 167 1480 τῶν
190 1436 426 1481 Ἰουδαίων
454 1441 594 1480 ταῦτα
623 1441 899 1496 γέγραπται,
941 1436 966 1494 ἡ
999 1436 1197 1496 ἁμαρτία
1228 1439 1379 1484 αὐτῶν
1407 1445 1486 1499 γέ-

75 1531 289 1569 γραπται.
344 1513 454 1557 Ἀλλ’
499 1513 581 1558 ἐὰν
611 1516 722 1575 ἴδῃς,
756 1513 814 1564 ὠς
843 1513 1060 1564 πολλάκις
1090 1516 1340 1573 ἐδείξαμεν,
1370 1517 1487 1562 ’[οᾶ-

78 1592 167 1634 δαν
194 1594 416 1649 τροπικῶς
444 1591 695 1648 λεγόμενον
721 1591 801 1635 τὸν
832 1591 1047 1648 Χριστὸν,
1079 1591 1256 1650 μήποτε
1287 1592 1487 1652 ἁμαρτία

72 1667 222 1711 Ἰούδα
260 1666 390 1724 ἡμῶν
432 1671 546 1724 ἐστι,
600 1672 691 1713 τῶν
727 1667 1032 1713 πιστευόντων
1070 1670 1146 1713 ἐπὶ
1177 1670 1256 1714 τὸν
1288 1672 1488 1726 Χριστὸν

78 1742 159 1788 τὸν
188 1747 237 1789 ἐκ
270 1749 414 1803 φυλῆς
438 1746 603 1790 Ἰούδα.
672 1751 732 1789 Εἴ
762 1748 811 1790 δὲ
841 1744 1035 1790 δύνασαι
1065 1749 1141 1790 καὶ
1169 1743 1315 1796 ἄλλως
1344 1748 1488 1793 ἀκοῦ-

78 1837 153 1865 σαι
189 1822 554 1880 μυστικώτερον,
605 1822 719 1880 τάχα
767 1827 872 1881 περὶ
903 1822 1053 1867 Ἰούδα
1094 1824 1368 1882 προφητεύει
1410 1831 1488 1871 τοῦ

77 1897 385 1955 παραδόντος,
427 1899 486 1949 ὠς
522 1896 637 1945 εἶναι
674 1904 779 1957 περὶ
819 1899 956 1943 αὐτοῦ
988 1900 1070 1953 τὴν
1098 1909 1383 1959 προφητείαν
1412 1908 1486 1948 λε’-

76 1991 273 2034 γουσαν·
313 1975 606 2034 ,,ἁμαρτία5)
641 1975 791 2021 ’[ούδα
827 1981 1082 2036 γέγραπται
1121 1979 1172 2022 ἒν
1199 1985 1384 2038 γραφίῳ
1414 1998 1487 2026 σι-

78 2054 226 2112 δηρῷ,
274 2055 324 2097 ἐν
364 2050 492 2110 ὄνυχι
530 2054 826 2112 ἀδαμαντίνῳ
870 2056 1239 2114 ἕγκεκολαμμένη
1288 2059 1364 2101 ἐπὶ
1407 2063 1487 2103 τοῦ

77 2128 270 2186 στήθους
306 2133 382 2187 τῆς
421 2132 610 2187 καρδίας
649 2131 850 2176 αὐτῶν.“
915 2131 1046 2175 Ἀλλὰ
1083 2131 1224 2177 πάλιν
1263 2134 1343 2178 οὐκ
1374 2136 1488 2180 ἀκο-

198 2284 237 2339 Ι)
268 2284 354 2326 Cfr.
381 2284 539 2337 Jerem,
566 2286 683 2337 XVI,
713 2286 781 2330 20.
810 2286 879 2330 21.

192 2353 237 2408 ²)
266 2354 420 2396 Jerem.
449 2356 565 2407 XVI,
591 2356 659 2399 21.
778 2357 821 2412 3)
853 2356 938 2398 Cfr.
967 2354 1124 2401 Jerem.
1154 2357 1294 2408 XVII,
1326 2357 1365 2400 1.

197 2419 239 2477 ⁴)
270 2422 323 2462 H.
357 2435 398 2463 et
425 2425 475 2465 R.
506 2425 550 2466 in
577 2437 715 2467 textu:
745 2425 942 2480 ,,αὐτῶν,
985 2427 1062 2470 ἐπὶ
1090 2425 1139 2470 τό
1171 2427 1486 2484 εὐχερέστερον

80 2476 241 2521 ἑαυτὸν
272 2480 533 2523 ἐπιδοῦναι·
565 2487 641 2524 καὶ
671 2487 816 2527 εἰπεῖν
843 2489 948 2539 περὶ
976 2487 1066 2526 τῶν
1083 2484 1317 2527 Ἰουδαίων
1344 2491 1483 2528 ταῦτα

78 2538 346 2591 γέγραπται,
379 2534 445 2579 ὅτιΓ
475 2535 500 2590 ἡ
533 2535 730 2594 ἁμαρτία
760 2540 909 2583 αὐτῶν
946 2543 1257 2597 γέγραπται,“
1292 2540 1336 2580 in
1371 2541 1484 2582 notis

80 2604 200 2631 vero:
233 2592 360 2641 „haec
389 2592 683 2635 miserabiliter
710 2609 881 2652 accepta
904 2608 1021 2646 sunt,
1051 2614 1156 2652 quae
1183 2597 1241 2638 sic
1272 2598 1485 2638 emendari

78 2659 254 2702 possunt
292 2663 338 2688 ex
381 2649 667 2706 Hieronymo:
717 2651 879 2695 αὐτῶν.
961 2653 1089 2698 Ἐπεὶ
1138 2656 1485 2710 δυσχερέστερον

80 2703 242 2747 ἑαυτὸν
272 2706 531 2758 ἐπιδοῦναι,
564 2711 638 2749 καὶ
668 2711 832 2762 εἰπεῖν,
865 2707 928 2752 ὅτι
964 2735 1014 2743 -—-
1045 2713 1181 2753 ταῦτα
1213 2714 1480 2767 γέγραπται,

79 2757 106 2814 ἡ
138 2757 336 2815 ἁμαρτία
365 2762 513 2805 αὐτῶν
543 2767 845 2819 γε’γραπται.“

197 2830 238 2885 ⁵)
272 2831 358 2872 Cfr.
388 2833 544 2873 Jerem.
576 2832 716 2883 XVII,
747 2834 782 2878 1.
