1763 3112
234 35 317 80 406
666 33 888 77 Omessms
919 47 963 75 m
993 34 1019 74 J
1024 44 1232 75 summm

236 151 333 190 dem
364 148 499 189 adhuc
531 165 622 189 sum
654 149 694 189 in
727 148 976 189 confusione
1008 146 1277 197 inveteratus,
1311 159 1353 187 et
1382 145 1481 187 ideo
1514 148 1556 188 in
1585 148 1666 189 Ba-

235 227 393 284 bylone
422 243 527 268 sum.
590 226 707 280 Quid
738 242 836 279 ergo
869 224 1077 282 praecipit
1103 225 1250 267 Deus?
1279 226 1377 267 Non
1402 224 1527 266 dicit:
1561 224 1669 266 exite

238 307 290 346 de
321 304 463 346 medio
494 303 747 362 Babylonis,
788 331 839 337 —
883 305 964 345 hoc
1005 303 1116 344 enim
1147 315 1290 359 potest
1333 303 1423 344 sieri
1457 315 1497 344 et
1528 304 1671 356 grada-

236 384 314 425 tim
345 410 420 435 -—‚
451 384 545 424 sed:
578 382 738 435 „fugite
758 383 796 439 ¹)
831 384 882 424 de
913 381 1057 425 medio
1103 380 1378 438 Babylonis.“
1446 382 1536 434 Ego
1580 381 1671 437 qui—

238 463 334 505 dem
365 461 465 503 etin
499 477 564 510 eo,
595 461 713 516 quod
736 459 912 520 dicitur:
944 462 1027 515 „de
1048 459 1257 501 medio:“
1289 460 1497 502 rationem
1514 475 1670 516 quaero

236 539 453 584 sermonis.
512 539 662 580 Potest
694 537 853 595 quippe
886 539 1076 591 evenire,
1119 550 1166 580 ut
1197 537 1349 595 aliquis
1380 538 1423 579 in
1453 538 1672 596 Babylone

238 619 314 671 sit,
353 619 425 661 sed
472 633 569 659 cum
607 615 649 658 in
681 615 877 658 extremis
909 615 997 674 ejus
1027 616 1182 659 finibus
1215 617 1525 669 commoretur,
1569 633 1673 673 quo-

236 698 334 739 dam
365 697 495 737 modo
530 706 641 736 extra
670 694 937 754 Babylonem
968 711 1056 737 esse
1088 694 1292 736 videatur.
1369 694 1501 736 Aliud
1532 707 1674 737 autem

239 787 299 817 est
331 775 372 816 in
400 773 628 815 medietate
658 772 891 832 Babylonis
924 773 1172 823 consistere,
1215 784 1262 814 ut
1304 790 1353 815 cx
1395 772 1512 814 omni
1552 785 1672 830 parte

239 853 413 909 aequale
443 850 495 892 sit
526 850 729 906 spatium,
785 862 826 892 et
870 850 927 892 ita
968 851 1010 893 in
1049 851 1254 893 umbilico
1296 851 1384 909 ejus
1427 851 1542 908 quasi
1572 851 1613 892 in
1629 852 1672 907 ²)

237 930 382 972 medio
416 929 555 972 cordis
584 929 774 971 animalis
806 929 978 971 habitet.
1049 930 1185 972 Sicuti
1219 930 1333 971 enim
1364 928 1555 970 animalis
1585 946 1674 970 me-

240 1009 372 1050 dietas
403 1025 478 1049 cor
513 1019 592 1058 est,
637 1020 678 1050 ct
718 1006 762 1049 in
801 1007 1018 1061 cvangelio
1058 1009 1292 1050 secundum
1321 1006 1560 1063 Lucam,³)
1600 1023 1674 1048 cor

237 1099 374 1128 terrae
401 1085 607 1128 medietas
637 1097 773 1128 terrae
803 1086 1069 1128 nominatur:
1111 1086 1169 1128 sic
1207 1086 1312 1128 mihi
1353 1085 1520 1127 videtur
1560 1097 1601 1127 et
1630 1085 1673 1127 iu

237 1164 465 1207 Ezechiele
481 1163 521 1220 4)
555 1163 736 1214 dictum,
775 1164 818 1205 in
852 1181 926 1205 cor
954 1164 1080 1206 maris
1110 1164 1250 1220 posita
1281 1165 1440 1224 Tyrus:
1485 1175 1526 1205 ct
1562 1181 1674 1206 nunc

237 1254 481 1299 peccatores
513 1242 565 1282 de
596 1241 740 1283 medio
783 1241 1038 1299 Babylonis,
1079 1243 1163 1284 hoc
1194 1254 1277 1295 est,
1325 1244 1376 1284 de
1417 1243 1546 1284 corde
1587 1243 1675 1301 ejus

238 1322 382 1373 fugere
415 1321 584 1362 debere.
627 1320 810 1380 ‘Fugite
843 1336 941 1373 ergo
975 1321 1027 1361 de
1059 1320 1203 1362 medio
1235 1320 1480 1380 Babylonis,
1509 1334 1558 1363 ut
1585 1338 1674 1363 me-

240 1399 441 1441 dietatem
479 1398 710 1456 Babylonis
754 1400 1015 1450 deserentes,
1057 1399 1102 1440 in
1145 1399 1297 1440 finibus
1337 1399 1424 1457 ejus
1466 1399 1674 1457 incipiatis

240 1496 342 1531 esse,
372 1494 459 1518 non
490 1477 533 1518 in
563 1476 720 1518 medio.
797 1477 929 1533 Quod
962 1478 997 1519 si
1029 1477 1095 1519 cui
1130 1477 1297 1519 videtur
1328 1479 1577 1531 obscurum,
1616 1479 1674 1520 sic

239 1558 313 1598 fiet
341 1556 627 1598 manifestius:
662 1555 759 1612 quia
791 1556 863 1612 qui
897 1557 1019 1598 valde
1051 1559 1266 1599 demersus
1300 1569 1362 1599 est
1388 1557 1432 1598 in
1449 1557 1574 1610 vitiis,
1606 1557 1673 1599 hie

239 1636 404 1677 medius
436 1635 647 1677 habitator
679 1647 751 1676 est.
824 1635 911 1690 Qui
942 1653 1042 1678 vero
1074 1636 1282 1693 paulatim
1314 1636 1555 1693 relinquens
1586 1654 1674 1678 ma-

239 1715 353 1764 lum,
394 1727 435 1755 et
470 1726 662 1756 naturam
694 1732 810 1756 suam
840 1716 894 1756 ad
923 1715 1104 1757 meliora
1144 1728 1414 1769 convertens,
1453 1732 1542 1757 non
1585 1727 1673 1756 tam

242 1793 431 1850 coeperit
462 1793 635 1834 virtutes
667 1794 898 1849 possidere,
931 1812 1056 1851 quam
1090 1811 1267 1852 cupere,
1301 1794 1461 1851 iste,⁵)
1491 1794 1593 1836 licet
1623 1811 1671 1836 ex

239 1872 382 1914 medio
415 1871 569 1924 sugerit
596 1870 843 1929 Baby-lonis,
873 1884 1013 1914 tamen
1044 1874 1228 1915 necdum
1261 1875 1312 1914 de
1330 1873 1557 1929 Babylone
1589 1875 1671 1915 dis-

241 1951 373 2003 cessit.
435 1950 680 1993 Secundum
710 1949 952 1992 istiusmodi
981 1951 1266 2008 expositiones
1287 1948 1415 1992 'decet
1438 1968 1571 1992 sacras
1602 1952 1671 1993 lit-

238 2042 347 2071 teras
380 2030 552 2070 credere
589 2045 668 2071 nec
707 2046 839 2070 unum
877 2029 1050 2086 quidem
1090 2029 1254 2085 apicem
1293 2029 1446 2071 habere
1489 2047 1669 2072 vacuum

238 2108 444 2166 sapientia
471 2107 567 2150 Dei.
622 2107 727 2164 'Qui
759 2107 871 2149 enim
900 2109 1007 2151 mihi
1035 2108 1199 2150 homini
1228 2108 1458 2165 praecipit,
1502 2108 1666 2150 dicens:

1473 2191 1497 2210 “
1528 2189 1665 2230 multo

237 2205 353 2241 „non
370 2188 412 2245 ⁶)
444 2187 666 2244 apparebis
697 2199 792 2229 ante
823 2199 1099 2245 conspectum
1114 2204 1257 2228 meum
1285 2204 1458 2229 vacuus:

237 2267 334 2323 plus
365 2268 449 2308 hoc
486 2266 579 2323 ipse
615 2267 778 2323 agit‚⁷)
819 2284 872 2308 ne
914 2266 1074 2324 aliquid
1114 2283 1294 2308 vacuum
1335 2267 1545 2324 loquatur.
1603 2267 1667 2308 Ex

238 2344 505 2401 plenitudine
537 2344 625 2402 ejus
656 2344 910 2402 accipientes
938 2346 1195 2403 prophetae,
1223 2361 1295 2397 ea,
1328 2362 1434 2403 quae
1465 2357 1581 2388 erant
1611 2347 1665 2387 de

357 2526 400 2582 ¹)
429 2525 584 2568 Jerem.
615 2527 686 2579 LI,
714 2527 755 2570 6.
873 2528 917 2586 2)
947 2530 1080 2572 Deest
1108 2529 1152 2572 in
1180 2531 1249 2573 ed.
1278 2530 1434 2573 Ruaei:
1466 2528 1523 2572 in.

359 2599 401 2654 3)
435 2597 523 2639 Cfr.
552 2598 653 2640 Luc.
685 2599 804 2649 VIII,
837 2599 903 2644 15.

357 2667 401 2725 ⁴)
434 2668 522 2710 cfr.
550 2667 704 2710 Ezech.
733 2669 916 2723 XXVII,
947 2670 1017 2716 32.
1047 2670 1114 2715 33.

360 2739 402 2796 ⁵)
433 2739 542 2780 Edd.
573 2739 634 2781 M.
668 2739 774 2791 „iste
802 2740 965 2785 scilicet
997 2746 1074 2784 ex“
1105 2752 1182 2784 etc.

360 2808 403 2867 ⁶)
435 2809 570 2853 Exod.
601 2809 767 2862 XXIII,
799 2809 864 2856 15.
984 2811 1027 2871 ⁷)
1057 2811 1167 2856 Edd.
1198 2811 1259 2855 M.
1291 2809 1418 2864 ‚,ait.“
