1763 3112
419 82 467 113 m
495 71 737 112 Jssnssmmm
766 69 965 111 HOMILIA
987 70 1189 112 XXXIX.
1432 76 1514 120 419

88 184 142 229 ἕν
171 189 265 233 τοῖς
297 179 536 227 ἀκούουσι·
574 186 620 226 τί
648 179 737 240 χρὴ
769 185 895 225 νοεῖν
922 185 1029 239 περὶ
1058 186 1148 227 τῶν
1175 190 1443 243 προφητῶν,
1475 186 1504 243 ἢ

86 258 153 304 ὅτι
182 262 280 303 πᾶν
309 261 432 317 ῥῆμα
469 258 667 313 λαληθὲν
707 255 783 301 διὰ
825 255 1048 316 στόματος
1085 259 1235 305 αὐτῶν
1264 262 1504 320 ἐργατικὸν

82 329 161 392 ἧν;
192 338 284 379 Καὶ
318 334 371 379 οὐ
409 333 703 392 θαυμαστὸν,
754 337 792 379 εἰ
828 337 927 379 πᾶν
961 337 1085 395 ῥῆμα
1124 335 1173 382 τὸ
1213 337 1501 396 λαλούμενον

80 411 171 457 ὑπὸ
202 415 294 456 τῶν
322 415 587 469 προφητῶν,
620 410 844 468 εἰργάζετο
877 414 1015 470 ἔργον
1045 413 1095 457 τὸ
1115 417 1294 470 πρέπον
1317 415 1496 475 ῥήματι.

74 487 205 532 Ἀλλὰ
234 486 325 546 γὰρ
355 484 509 546 οἶμαι,
557 487 624 532 ὅτι
663 491 740 531 καὶ
781 491 876 532 πᾶν
912 487 1182 547 θαυμάσιον
1221 489 1416 550 γράμμα
1446 492 1496 538 τὸ

76 569 399 623 γεγραμμένον
430 566 480 609 ἓν
509 571 602 614 τοῖς
630 568 802 622 λογίοις
830 568 910 609 τοῦ
949 570 1061 610 θεοῦ
1102 566 1345 624 ἐργάζεται.
1404 573 1497 613 Καὶ

76 642 159 687 οὐκ
198 645 320 686 ἔστιν
358 645 469 685 ἰῶτα
509 642 581 697 ἓν,
629 639 657 697 ἢ
703 647 788 699 μία
826 648 984 701 κεραία
1024 649 1323 702 γεγραμμένη
1362 648 1413 690 ἒν
1441 651 1493 707 τῇ

71 722 244 780 γραφῇ,
277 717 370 774 ἣτις
398 724 491 769 τοῖς
519 719 837 777 ἐπισταμένοις
861 723 1066 778 χρῆσθαι
1095 725 1146 782 τῇ
1177 721 1370 781 δυνάμει
1401 728 1494 769 τῶν

71 794 370 854 γραμμάτων,
403 795 484 840 οὐκ
514 793 747 852 ἐργάζεται
776 795 825 840 τὸ
857 798 1016 851 ἑαυτῆς
1044 799 1197 854 ἔργον.
1232 797 1408 858 ε’.Ωσπερ
1439 803 1491 846 δὲ

69 874 147 917 ἐπὶ
175 875 265 916 τῶν
292 874 500 927 βοτανῶν
529 870 691 927 ἑκάστη
720 872 810 929 μὲν
838 875 927 930 ἔχει
954 871 1168 930 δύναμιν,
1200 880 1288 921 εἴτε
1318 880 1380 927 εἷς
1407 878 1490 933 τὴν

65 949 246 1007 ὑγίειαν
276 951 365 993 τῶν
386 949 424 1006 ¹)
457 947 694 1005 σωμάτων,
728 953 814 994 εἴτε
843 953 905 998 εἰς
930 948 968 1005 ὃ,
1003 968 1043 994 τι
1063 948 1252 1007 δήποτε·
1287 953 1339 997 οὐ
1362 952 1488 999 πάν-

64 1042 156 1070 των
193 1027 248 1070 δέ
283 1026 406 1069 ἐστιν
451 1027 725 1069 ἐπίστασθαι
766 1029 828 1076 εἰς
875 1023 899 1071 ὃ
944 1025 1107 1083 ἑκάστη
1147 1030 1236 1072 τῶν
1277 1035 1487 1086 βοτανῶν

65 1104 158 1147 ἔστι
181 1100 421 1160 χρήσιμος,
456 1101 546 1145 ἀλλ’
582 1106 737 1152 εἴτινες
778 1101 1033 1161 ἐπιστήμην
1064 1101 1322 1162 εἰλήφασιν,
1358 1100 1485 1153 οὗτοι

64 1183 240 1238 οἱπερὶ
281 1178 359 1228 τας
394 1179 588 1236 βοτάνας
625 1182 949 1237 διατρίβοντες,
988 1184 1064 1225 ἵνα
1096 1183 1226 1226 ἴδωσι
1266 1187 1345 1227 καὶ
1372 1184 1484 1232 πότε

60 1259 538 1315 παραλαμβανομένη,
579 1259 656 1299 καὶ
693 1259 785 1300 ποῦ
823 1259 914 1300 τῶν
953 1255 1181 1314 σωμάτων
1219 1261 1482 1319 ἐπιτιθεμέ-

63 1335 195 1391 myst)
233 1335 311 1377 καὶ
348 1337 448 1377 τίνα
488 1332 660 1391 τρόπον
700 1337 1002 1390 σκευαζομένη
1045 1334 1220 1390 ὀνίνησι
1247 1336 1328 1382 τὸν
1348 1338 1480 1399 χρώ-

59 1423 227 1468 μενον·
270 1407 409 1460 οὕτως
422 1411 465 1466 3)
504 1413 649 1454 οἱονεί
674 1428 737 1459 τις
764 1409 1001 1466 βοτανικός
1038 1413 1161 1456 ἐστιν
1188 1412 1211 1458 ὀ
1239 1412 1373 1471 ἅγιος
1402 1419 1479 1460 καὶ

57 1485 375 1544 πνευματικὸς,
408 1485 744 1546 ἀναλεγόμενος
786 1485 878 1531 ἀπὸ
911 1491 1001 1533 τῶν
1029 1492 1163 1547 ἱερῶν
1190 1491 1477 1551 γραμμάτων

58 1565 249 1610 ἕκαστον
277 1566 401 1620 ἰῶτα,
434 1567 512 1607 καὶ
541 1563 734 1608 ἕκαστον
763 1563 812 1608 τὸ
843 1565 981 1622 τυχὸν
1011 1573 1256 1625 στοιχεῖον,
1289 1574 1366 1613 καὶ
1394 1571 1475 1616 εὑ-

57 1647 227 1703 ρίσκων
256 1640 337 1696 τὴν
366 1639 567 1700 δύναμιν
596 1643 675 1685 τοῦ
704 1638 995 1700 γράμματος,
1027 1647 1105 1687 καὶ
1135 1650 1197 1696 εἰς
1227 1644 1275 1702 ὅ,
1308 1653 1354 1691 τί
1380 1650 1473 1693 ἔστι

5 1771 7 1774 v
50 1719 305 1778 χρήσιμον,
354 1720 431 1761 καὶ
477 1715 544 1761 ὅτι
581 1716 718 1762 οὐδὲν
753 1722 964 1778 παρέλκει
1001 1723 1091 1765 τῶν
1118 1728 1468 1782 γεγραμμένων.

54 1800 114 1840 Εἰ
144 1796 195 1839 δὲ
222 1793 375 1852 βούλει
405 1797 482 1838 καὶ
512 1796 724 1854 δευτέρου
755 1795 948 1839 ἀκοῦσαι
978 1800 1040 1846 εἷς
1076 1802 1208 1843 τοῦτο
1243 1805 1469 1859 παραδεί-

51 1890 240 1931 γματος,
272 1872 463 1916 ἕκαστον
482 1875 618 1929 μέλος
644 1874 724 1916 τοῦ
744 1870 951 1928 σώματος
975 1892 998 1927 η
1006 1878 1110 1932 μῶν
1135 1877 1215 1920 ἐπί
1235 1895 1323 1923 τινι
1346 1881 1466 1939 ἔργῳ

51 1949 143 1994 ὑπὸ
173 1952 252 1994 τοῦ
282 1954 483 2006 τεχνίτου
512 1950 623 1993 θεοῦ
652 1952 911 2006 γεγένηται·
944 1949 1036 1994 ἀλλ’
1059 1953 1109 1996 οὐ
1130 1953 1318 2000 πάντων
1343 1958 1466 2004 ἐστὶν

52 2029 247 2083 εἰδέναι,
278 2031 343 2076 τίς
371 2024 397 2082 ἡ
429 2022 624 2069 ἑκάστου
651 2028 746 2069 τῶν
774 2029 927 2083 μελῶν
952 2032 1086 2089 μέχρι
1115 2034 1206 2075 τῶν
1234 2031 1464 2090 τυχόντων

51 2103 246 2161 δύναμις
273 2106 351 2148 καὶ
372 2108 524 2162 χρεία.
573 2105 628 2146 Οἱ
655 2103 745 2160 γὰρ
768 2105 873 2160 περὶ
887 2102 964 2154 τάς
989 2105 1222 2164 ἀνατομάς
1239 2125 1462 2169 πραγμα-

50 2181 322 2236 τευσάμενοι
349 2183 439 2225 τῶν
474 2182 666 2236 ἰατρῶν,
712 2179 933 2224 δύνανται
971 2185 1121 2241 λέγειν
1154 2185 1345 2231 ἕκαστον
1383 2193 1461 2233 καὶ

49 2257 100 2303 τὸ
131 2255 368 2314 ἐλάχιστον
395 2254 563 2315 μόριον
591 2260 652 2307 εἰς
679 2261 726 2300 τί
747 2255 980 2316 χρήσιμον
1017 2258 1108 2305 ὑπὸ
1138 2265 1215 2318 τῆς
1242 2271 1461 2323 προνοίας

48 2339 299 2393 γεγένηται.
359 2331 472 2378 Νόει
508 2349 589 2389 μοι
626 2339 783 2380 τοίνυν
826 2339 904 2379 καὶ
951 2335 1030 2387 τὰς
1069 2337 1253 2397 γραφεὶς
1294 2344 1457 2388 τοῦτον

47 2412 128 2458 τὸν
156 2410 328 2470 τρόπον
356 2408 507 2461 πάσας
533 2408 750 2468 βοτάνας,
790 2409 819 2467 ἢ
856 2413 906 2458 ἓν
933 2416 1103 2460 τέλειον
1132 2414 1272 2474 λόγου
1301 2421 1454 2477 σῶμα·

168 2612 205 2667 ¹)
235 2612 369 2652 Deest
400 2614 542 2664 ,,τῶν“
573 2611 615 2652 ἰη
648 2613 712 2653 ed.
743 2613 888 2657 Ruaei.

163 2681 206 2736 ²)
236 2680 312 2724 Ed.
343 2680 477 2722 Ruaei
505 2681 613 2722 sola:
646 2682 905 2740 ἐπιθεμένη.

163 2753 206 2808 3)
237 2751 346 2792 Edd.
375 2750 598 2802 Philocal.‚
628 2750 770 2806 itemq.
804 2754 898 2795 edd.
929 2754 1056 2796 Huet.
1088 2755 1129 2796 in
1161 2768 1296 2798 textu:
1338 2753 1452 2815 „01³1—

47 2810 169 2862 104·‚“
204 2808 297 2848 edd.
329 2823 430 2847 vero
462 2807 516 2850 H.
548 2808 599 2848 ad
627 2808 878 2860 marginem:
911 2812 1098 2861 „scribez
1133 2812 1320 2863 oc‘s'mgf‘

1110 2889 1204 2932 27*
