1734 3112
225 68 309 114 202
657 69 876 112 Omenms
907 81 953 111 m
981 67 1007 110 J
1011 79 1220 111 Eat-:mmm

225 185 327 227 Νῦν
356 183 408 227 δὲ
436 185 620 231 Παῦλος
652 180 711 232 ὡς
741 179 900 239 σοφὸς,
933 182 1008 224 καὶ
1039 181 1253 231 ἐξουσίαν
1292 181 1412 239 ἔχων
1441 181 1644 228 ἀποστο-

222 259 373 317 λικὴν,
418 259 666 319 ἐτόλμησεν
705 262 872 314 εἰπεῖν,
921 262 1080 302 πᾶσαν
1121 257 1203 314 τὴν
1241 259 1318 304 ἐπὶ
1348 261 1430 317 γῆς
1459 263 1647 318 σοφίαν,
1712 283 1714 286 <

222 342 302 384 καὶ
330 336 412 394 τὴν
442 339 492 383 ἔν
522 338 662 397 αὐτῷ,
697 340 774 382 καὶ
804 335 884 392 τὴν
914 336 965 380 ἐν
994 339 1172 394 Πέτρῳ,
1215 339 1292 380 καὶ
1322 343 1415 387 τοῖς
1445 335 1647 382 ἀποστό-
1711 322 1714 356 ss

222 420 329 472 λοις,
360 419 519 461 πᾶσαν
547 415 628 471 τὴν
658 411 1010 472 ἔπιδημήσασαν
1039 416 1101 471 τῷ
1131 410 1291 472 κόσμῳ
1319 410 1434 459 εἶναι
1464 412 1514 459 τὸ
1543 431 1647 471 μω-

221 493 308 552 ρὸν
335 497 416 539 τοῦ
447 497 574 539 θεοῦ,
640 491 716 542 Ὡς
754 491 845 553 γὰρ
886 490 999 552 πρὸς
1036 492 1215 547 ἐκείνην
1253 490 1335 548 τὴν
1364 496 1538 551 σοφίαν
1567 491 1650 548 τὴν
1712 499 1714 501 ’

221 568 579 631 ὑπερουράνιον,
624 568 708 624 τὴν
738 567 1075 629 ὑπερκόσμιον,
1111 572 1243 615 τοῦτο
1273 568 1324 614 τὸ
1354 570 1651 628 ἐπιδημῆσαν
1712 578 1714 610 ;

221 647 381 709 μωρὸν
411 652 491 694 τοῦ
524 651 650 693 θεοῦ.
705 646 836 690 Ἀλλὰ
867 650 997 693 τοῦτο
1038 647 1121 704 ,,τὸ
1144 648 1187 705 ¹)
1223 646 1384 709 μωρὸν
1419 651 1499 692 τοῦ
1538 651 1650 694 θεοῦ

223 725 490 787 σοφώτερον
529 728 620 771 τῶν
660 722 923 782 ἀνθρώπων
959 726 1104 772 ἐστί.“
1177 729 1336 772 Ποίων
1365 724 1652 786 ἀνθρώπων;
1703 772 1707 785 ,

226 803 289 850 Οὐ
334 807 423 849 τῶν
474 805 646 862 μωρῶν
691 806 832 861 λέγω,
885 802 998 848 ἀλλὰ
1033 802 1301 865 σοφώτερόν
1331 804 1424 849 ἔστι
1455 805 1532 848 καὶ
1561 806 1652 849 τῶν

223 884 386 942 σοφῶν
417 879 698 941 ἀνθρώπων·
745 878 834 925 κᾶν
870 879 974 932 τοῦς
1013 880 1191 941 σοφοὺς
1221 885 1346 944 εἴπῃς
1374 885 1454 927 τοῦ
1487 884 1652 931 αἰῶνος

222 958 399 1017 τούτου,
432 964 520 1006 εἴτε
550 955 787 1019 ἄρχοντας,
820 962 906 1004 εἴτε
929 957 1170 1019 προφήτας
1193 963 1284 1005 τῶν
1310 957 1544 1020 ἀρχόντων
1570 964 1650 1005 τοῦ

225 1040 389 1089 αῑῶνος
417 1037 596 1095 τούτου,
629 1036 679 1083 τὸ
709 1036 867 1097 μωρὸν
897 1041 977 1085 τοῦ
1010 1041 1139 1095 θεοῦ,
1174 1034 1196 1084 ὃ
1230 1035 1535 1097 διηγησάμην,
1569 1053 1652 1084 σο-
1712 1091 1713 1095 ¹

223 1114 433 1176 φώτερον
462 1119 552 1160 τῶν
583 1113 845 1174 ἀνθρώπων
875 1115 984 1160 ἔστί.

335 1193 376 1238 9.
407 1191 684 1251 Παράδοξόν
712 1210 753 1238 τι
782 1196 935 1254 μέλλει
966 1195 1116 1252 λέγειν
1159 1192 1182 1238 ό
1216 1192 1376 1253 λόγος,
1412 1191 1479 1238 ὅτι
1510 1193 1533 1249 ἦ
1569 1209 1652 1240 σο-

227 1275 314 1331 φία
345 1274 426 1316 τοῦ
458 1268 637 1327 κόσμου
664 1274 818 1335 μωρία
850 1269 976 1330 παρὰ
1006 1274 1068 1329 τῷ
1104 1273 1198 1329 θεῷ
1231 1271 1339 1328 ἐστι,
1373 1274 1451 1316 καὶ
1471 1271 1655 1332 ἐμώρα-

223 1364 304 1395 νεν
351 1346 375 1393 ὁ
415 1347 522 1399 θεὸς
559 1347 642 1405 τὴν
682 1353 857 1408 σοφίαν
895 1350 974 1394 τοῦ
1015 1346 1208 1407 κόσμου.
1263 1345 1380 1407 ”Apa
1420 1350 1471 1394 ἒν
1510 1354 1655 1410 σοφίᾳ

226 1424 433 1485 ἑμώρανε
462 1424 547 1482 τῆν
579 1430 754 1486 σοφίαν
784 1428 864 1471 τοῦ
896 1423 1084 1485 κόσμου.
1152 1426 1306 1484 Καὶῖ)
1336 1424 1531 1472 δύνασαι
1555 1444 1654 1486 χω-

220 1508 366 1564 χῆσαι
395 1502 479 1559 τήν
509 1509 706 1565 σοφίαν,
753 1503 808 1549 ἵν’
853 1504 1048 1566 ἐλεγχθῇ
1085 1503 1219 1566 μωρὰ
1259 1499 1375 1550 εἶναι
1405 1502 1431 1561 ἡ
1462 1507 1541 1550 τοῦ
1574 1502 1656 1550 κό-

226 1598 346 1642 σμου
374 1587 542 1641 σοφία·
585 1582 851 1640 ἀγωνίζεται
890 1582 980 1640 γὰρ
1021 1581 1046 1637 ἦ
1089 1586 1235 1643 σοφία
1275 1585 1355 1628 τοῦ
1392 1586 1505 1629 θεοῦ
1542 1584 1658 1642 πρὸς

226 1660 308 1717 τὴν
339 1665 515 1719 σοφίαν
545 1663 624 1705 τοῦ
655 1658 848 1719 κόσμου,
881 1663 957 1706 ἵνα
988 1661 1184 1723 ἐλεγχθῇ
1215 1659 1330 1720 πρὸς
1349 1657 1500 1715 αὐτήν.
1543 1660 1652 1704 Ἀλλ’

227 1739 385 1797 ὀλίγου
414 1735 535 1787 τινὸς
558 1742 693 1795 χρεία
723 1740 868 1782 ἔστιν·
901 1737 1014 1796 ὅπερ
1055 1739 1214 1798 ὀλίγον
1242 1737 1403 1799 μωρὸν
1432 1741 1514 1783 τοῦ
1544 1742 1657 1784 θεοῦ

227 1818 375 1873 ἔστιν,
416 1819 493 1861 ἵνα
530 1815 676 1873 τούτῳ
715 1819 777 1874 τῷ
813 1821 978 1874 βραχεῖ
1002 1820 1145 1875 μωρῷ
1176 1820 1256 1862 τοῦ
1286 1819 1400 1863 θεοῦ
1429 1821 1655 1881 μωρανθῇ

227 1895 251 1951 ἦ
285 1899 430 1953 σοφία
459 1897 538 1939 τοῦ
569 1892 774 1952 κόσμου,
819 1897 894 1938 καὶ
926 1895 1134 1955 ἐλεγχθῇ.
1194 1895 1258 1939 Οὐ
1297 1893 1388 1953 γὰρ
1430 1897 1599 1955 ἔφερεν
1629 1896 1653 1952 ἦ

227 1978 374 2034 σοφία
403 1976 483 2018 τοῦ
514 1969 690 2030 κόσμου
720 1969 882 2016 τούτου
926 1970 1010 2027 τὴν
1041 1977 1219 2031 σοφίαν
1259 1974 1338 2017 τοῦ
1378 1976 1512 2019 θεοῦ·
1560 1970 1660 2019 οἷον

227 2053 305 2097 ἐπὶ
333 2051 726 2110 παραδείγματος,
758 2053 834 2095 ἵνα
868 2047 1046 2110 νοήσῃς,
1082 2048 1149 2093 ὅτι
1179 2048 1228 2094 τὸ
1253 2049 1416 2111 μωρόν
1440 2054 1521 2096 τοῦ
1548 2056 1659 2098 θεοῦ

228 2128 464 2189 ἐμώρανεν
493 2128 577 2183 τὴν
608 2133 782 2187 σοφίαν
811 2133 891 2173 τοῦ
922 2126 1121 2186 κόσμου·
1154 2126 1359 2173 διδόσθω
1391 2146 1450 2187 με
1482 2130 1658 2189 ἀγωνίῳ

229 2214 410 2264 ζεσθαι,
451 2204 677 2252 δοκοῦντά
708 2223 767 2266 με
797 2207 969 2252 εἰδέναι
997 2204 1145 2252 πολλὰ
1177 2209 1255 2250 καὶ
1283 2210 1501 2265 πλείονα,
1543 2207 1658 2271 πρός

229 2305 330 2333 τινα
360 2285 569 2342 ἀνόητον,
602 2288 679 2329 καὶ
710 2285 1007 2340 ἀπαίδευτον,
1043 2287 1119 2329 καὶ
1148 2285 1295 2345 μηδὲν
1324 2289 1548 2344 συνιέντα,
1580 2292 1659 2333 καὶ

228 2365 292 2424 μὴ
333 2363 677 2423 ἀγωνιζόμενον
724 2361 841 2422 ὑπὲρ
886 2361 1038 2420 λόγων
1076 2366 1306 2420 γενναίων
1350 2364 1526 2410 ὁποίων
1570 2365 1657 2422 δὴ-

229 2461 356 2490 ποτε.
430 2437 539 2503 Ἆρα
569 2446 734 2500 χρείαν
772 2443 859 2499 ἔχω
899 2444 1181 2496 διαλεκτικῆς
1223 2441 1337 2503 πρὸς
1376 2445 1578 2504 ἐκεῖνον,
1628 2443 1656 2500 ἢ
1700 2471 1701 2481 1

230 2519 542 2580 θεωρημάτων
569 2522 862 2580 βαθυτέρων;
904 2518 1016 2565 Ἐὰν
1056 2513 1081 2581 ᾖ
1119 2519 1255 2583 μωροὶ
1288 2521 1427 2566 αὐτοῦ
1459 2521 1514 2567 τὰ
1545 2521 1657 2579 νοή-
1699 2514 1700 2517 ¹

352 2705 393 2762 ⁸)
426 2704 511 2747 cfr.
542 2704 564 2745 1
594 2701 693 2748 cor.
722 2702 756 2752 ι,
787 2702 853 2746 25.

348 2774 392 2831 2)
421 2774 474 2816 H.
506 2775 559 2816 ad
587 2772 836 2826 marginem:
877 2773 1061 2824 „scribet
1100 2775 1178 2818 καὶ
1218 2773 1270 2819 οὐ
1312 2773 1564 2833 δύναται,“
1603 2778 1654 2819 R.

235 2832 276 2875 in
307 2831 439 2875 notis:
471 2831 662 2884 „legebat
690 2829 994 2888 Hieronymus:
1026 2834 1103 2874 καὶ
1135 2831 1188 2876 οὐ
1218 2829 1461 2876 δύναται.“
