1734 3112
237 80 322 128 206
669 79 892 121 Onam-:ms
922 92 966 121 m
997 77 1239 121 Jssmzmmm

239 194 420 251 ἐχθρῶν
451 193 583 242 σου,“
653 195 754 236 Ποῦ
793 191 1046 250 εὑρίσκεται
1085 190 1161 232 ἐπὶ
1193 186 1335 233 νώτου
1367 189 1456 231 τῶν
1485 187 1664 245 ἐχθροῖν

237 269 316 321 τὰς
347 274 505 331 χεῖρας
543 269 714 319 ἐκεῖνος
753 269 776 313 ὁ
805 267 980 318 Ἰούδας
1011 269 1248 319 ἐπιτιθείς;
1289 264 1350 308 ‘H
1374 267 1549 321 ἱστορία
1583 263 1664 308 οὗ·

238 349 319 394 δέν
347 350 554 393 τοιοῦτον
587 346 822 406 ἀνέγραψε
855 348 958 404 περὶ
987 345 1153 389 αὐτοῦ·
1192 342 1273 388 ἐὰν
1313 344 1363 387 δὲ
1394 340 1557 403 νοήσῃς
1586 340 1667 398 τὴν

238 426 491 483 ἐπιδημίαν
520 427 600 470 τοῦ
630 430 789 485 κυρίου
823 424 966 479 Ἰησοῦ
1008 422 1402 480 καταργοῦντοςῑ)
1438 418 1518 465 τὸν
1558 417 1665 464 διά-

236 506 402 560 βολον,
436 502 784 561 ἀπεκδυομένου
816 501 892 552 τὰς
921 499 1064 559 ἀρχὰς
1106 503 1180 544 καὶ
1211 497 1288 548 τὰς
1318 499 1544 554 ἐξουσίας,
1588 501 1665 542 καὶ

238 582 624 642 δειγματίζοντος,
675 584 752 624 καὶ
782 576 1142 639 θριαμβεύοντος
1183 578 1232 622 ἐν
1270 580 1331 633 τῷ
1364 573 1502 633 ξύλῳ,
1558 572 1665 635 ὁρᾷς

234 661 334 710 πῶς
380 659 457 703 ἐπὶ
510 660 674 702 τοῦτον
713 656 794 703 τὸν
833 656 1013 702 Ἰούδαν
1056 652 1348 714 πεπλήρωται
1391 651 1416 709 ἡ
1465 656 1664 712 λέγουσα

235 739 515 798 προφητεία·
555 736 696 791 ,,αἱ2)
734 739 882 795 χεῖρές
922 749 1005 779 σου
1043 734 1121 779 ἐπὶ
1161 730 1306 778 νώτου
1355 734 1444 777 τῶν
1482 730 1664 789 ἐχθρῶν
1729 779 1733 793 .

234 816 366 859 σου.“
425 817 485 857 Εἰ
515 812 637 857 τοῦθ’
674 811 948 870 οὕτως-ἕχει,
982 815 1102 869 λέγει
1133 812 1182 855 δὲ
1215 808 1238 854 ὁ
1269 808 1405 867 λόγος
1431 810 1516 853 νῦν
1550 805 1665 867 πρὸς

237 887 385 949 ἄνδρα
422 888 592 946 Ἰούδα,
637 888 751 950 πρὸς
795 894 921 940 τίνας
958 886 1018 935 ἂν
1049 892 1174 947 λέγοι
1209 885 1234 944 ἢ
1269 887 1384 946 πρὸς
1412 885 1531 943 ἡμᾶς
1559 884 1664 934 τοὺς

232 966 528 1017 πιστεύοντας
559 969 635 1012 ἐπὶ
665 967 746 1013 τὸν
777 967 995 1027 Χριστὸν,
1028 966 1104 1012 διὰ
1135 964 1216 1021 τὴν
1246 960 1557 1024 φυλὴνἸούδα
1587 966 1663 1008 λε-

233 1044 437 1106 γόμενόν
465 1063 562 1095 πως
591 1049 668 1090 καὶ
692 1044 886 1100 Ἰούδας,-

350 1123 392 1169 2.
423 1122 550 1185 Πρὸς
581 1119 751 1182 ἄνδρας
775 1121 926 1168 Ἰούδα
955 1126 1130 1182 λέγεται
1165 1122 1187 1168 ὁ
1219 1119 1382 1180 λόγος,
1434 1124 1511 1166 καὶ
1549 1117 1663 1177 πρὸς

235 1200 340 1252 τοὺς
369 1204 694 1250 κατοικοῦντας
720 1199 1025 1260 Ἰερουσαλήμ.
1092 1199 1218 1257 Αὕτη
1257 1202 1380 1245 ἐστὶν
1421 1201 1660 1255 ἐκκλησία·
1732 1187 1734 1190 ⁴

237 1280 333 1324 ἐστὶ
362 1278 453 1338 γὰρ
484 1278 510 1335 ἡ
551 1277 684 1329 πόλις
720 1282 799 1323 τοῦ
837 1283 949 1324 θεοῦ
986 1278 1012 1335 ἡ
1055 1281 1293 1336 ἐκκλησία,
1333 1277 1360 1335 ἡ
1403 1275 1556 1336 ὅρασις
1588 1278 1663 1332 τῆς

238 1354 437 1416 εἰρήνης·
487 1357 538 1402 ἐν
588 1357 699 1418 αὐτῇ
746 1358 869 1402 ἐστιν
907 1356 934 1413 ἡ
975 1356 1154 1417 εἰρήνη,
1204 1354 1262 1414 ἣν
1302 1353 1476 1416 ἤγαγεν
1522 1356 1657 1411 ἡμῖν·

237 1439 353 1493 Εἴγε
408 1435 549 1493 ἐσμὲν
600 1438 735 1480 τέκνα
789 1433 991 1494 εἰρήνης,
1037 1434 1317 1492 πληθύνεται
1362 1439 1438 1479 καὶ
1485 1433 1660 1495 ὁρᾶται.

236 1510 568 1570 ,,Ἀκούσατε3)
617 1506 699 1558 οὖν
745 1512 849 1563 τούς
893 1512 1058 1572 λόγους
1100 1517 1175 1571 τῆς
1219 1512 1441 1570 διαθήκης
1485 1511 1659 1568 ταύτης,

233 1596 312 1636 καὶ
342 1589 565 1648 λαλήσατε
595 1591 710 1650 πρὸς
737 1589 912 1653 ἄνδρας
934 1591 1109 1650 Ἰούδα,
1152 1596 1230 1638 καὶ
1259 1591 1362 1642 τοὺς
1391 1593 1661 1636 κατοικοῦν-

235 1687 312 1719 τας
346 1668 654 1729 Ἰερουσαλήμ.
724 1674 819 1715 Καὶ
858 1672 972 1732 ἐρεῖς
1009 1669 1123 1733 πρὸς
1165 1668 1352 1722 αὐτούς·
1396 1667 1505 1716 τάδε
1541 1672 1660 1728 λέγει

232 1745 386 1807 κύριος
426 1747 448 1792 ὀ
486 1746 592 1796 θεὸς
626 1746 815 1808 Ἰσραήλ.
889 1747 1246 1809 Ἐπικατάρατος
1292 1745 1559 1809 ἅνθρωπος,
1614 1743 1662 1797 ὃς

235 1823 318 1868 οὐκ
347 1821 588 1869 ἀκούσεται
626 1827 716 1870 τῶν
755 1824 906 1883 λόγων
944 1830 1021 1883 τῆς
1062 1825 1308 1884 διαθήκης,
1349 1818 1401 1883 ἧς
1430 1823 1658 1872 ἐνετειλά-

230 1918 326 1962 μην
356 1907 446 1953 τοῖς
483 1900 712 1963 πατράσιν
751 1901 930 1962 ύμῶνέ(
1016 1909 1095 1955 Τίς
1131 1903 1330 1962 μάλιστα
1369 1902 1529 1950 ἀκούει
1566 1905 1658 1948 τῶν

230 1977 385 2039 λόγων
411 1983 486 2037 τῆς
516 1975 765 2038 διαθήκης,
803 1973 854 2038 ἧς
884 1983 1132 2028 ἐνετείλατο
1165 1981 1187 2027 ὁ
1220 1980 1327 2032 θεὸς
1354 1988 1448 2032 τοῖς
1475 1978 1654 2042 πατρά-

233 2073 332 2114 σιν;
354 2051 465 2119 Ἆρά
495 2076 548 2119 γε
581 2063 624 2106 οἱ
652 2059 939 2111 πιστεύοντες
969 2061 1034 2106 ἐπ’
1070 2060 1224 2118 αὐτὸν,
1257 2058 1283 2117 ἢ
1316 2063 1360 2106 οἱ
1374 2060 1598 2118 μηδαμῶς
1614 2057 1657 2116 ⁴)

230 2135 463 2183 πιστεύειν
507 2137 918 2199 ἀποδεικνύμενοι,
967 2141 1017 2186 ἐκ
1064 2143 1143 2184 τοῦ
1195 2137 1257 2197 μή
1312 2143 1658 2185 πεπιστευκέναι

232 2216 309 2260 ἐπὶ
339 2215 419 2262 τὸν
449 2214 632 2278 κύριον;
669 2221 792 2274 Φησὶ
808 2217 897 2278 γὰρ
925 2216 1112 2275 ὁσωτὴρ
1131 2217 1245 2278 πρὸς
1269 2218 1492 2269 ἐκείνους·
1525 2219 1599 2275 „ez
1614 2215 1657 2274 ⁵)

230 2294 482 2341 ἐπιστεύετε
509 2301 696 2352 Μωσεῖ,
748 2294 999 2343 ἐπιστεύετε
1027 2293 1087 2343 ἂν
1117 2297 1239 2357 ἐμοί·
1277 2300 1383 2357 περὶ
1421 2295 1512 2355 γὰρ
1542 2295 1656 2355 ἐμοῦ

230 2372 403 2424 ἐκεῖνος
440 2375 660 2433 ἔγραψεν.
732 2380 793 2421 Εἰ
841 2377 892 2422 δὲ
935 2381 1028 2426 τοῖς
1077 2376 1252 2421 ἐκείνου
1292 2375 1566 2437 γράμμασιν
1604 2373 1656 2420 οὐ

350 2575 392 2632 ¹)
423 2573 510 2616 Cfr.
541 2575 561 2615 I
594 2573 691 2616 Cor.
722 2575 816 2627 XV,
845 2573 913 2619 24.
946 2574 1044 2617 coll.
1077 2574 1242 2620 coloss.
1270 2576 1328 2626 II,
1361 2574 1425 2620 15.

345 2644 389 2703 2)
422 2644 527 2687 Gen.
557 2644 713 2697 XLIX,
741 2644 780 2689 8.
901 2645 943 2704 3)
976 2645 1064 2691 Cfr.
1093 2647 1260 2698 Jerem„
1281 2646 1358 2698 XI,
1387 2645 1426 2691 2.
1458 2646 1498 2691 3.
1527 2646 1569 2690 4.

347 2715 391 2770 ⁴)
422 2715 476 2758 H.
507 2715 560 2757 ad
588 2714 837 2768 marginem:
877 2715 1061 2767 „scribez
1105 2719 1319 2774 Meno-eff<
1357 2716 1409 2758 R.
1450 2716 1493 2758 in
1521 2716 1653 2760 notis:

232 2772 424 2826 „legebat
453 2771 755 2830 Hieronymus:
787 2776 1002 2818 ῘῑτῙωσεΐῦς

348 2844 389 2900 ⁵)
418 2842 495 2884 Ev.
524 2843 674 2887 Joann.
704 2843 756 2895 V,
785 2842 851 2887 46.
883 2843 950 2886 47.
