1734 3112
1459 95 1481 107 μ·

631 94 829 134 ΗοΜιιιΑ
861 94 910 132 V.
1405 93 1478 137 151

72 212 444 254 καταναλίσκεται
486 203 510 248 ὁ
541 203 719 261 μόχθος
755 207 846 248 τῶν
877 207 1086 262 πατέρων
1125 203 1278 260 ἡμῶν,
1322 209 1399 248 καὶ
1428 206 1482 250 τά

71 284 396 344 ἐπιφερόμενα.
458 280 549 324 Διά
578 284 710 325 τοῦτο
742 279 1153 337 κατανοήσωμενι)
1191 279 1485 340 ἁμαρτανόν-

69 379 159 407 των
188 358 426 418 διαφοράς.
485 361 623 402 Εἰσὶν
651 356 1009 414 ἁμαρτάνοντες,
1044 360 1120 400 καὶ
1154 356 1235 401 οὐκ
1263 359 1481 415 αἰσχυνό-

71 456 214 496 μενοι,
249 437 355 481 οὐδὲ
385 435 651 494 αἰδούμενοι
681 436 756 479 ἐπὶ
786 440 882 484 ταῖς
910 433 1155 491 ἁμαρτίαις
1184 435 1346 491 αὐτῶν,
1381 436 1486 480 οὐδὲ

70 517 376 574 ἓρυθριῶντες.
457 516 672 557 Τοιοῦτοί
716 515 830 557 εἰσιν
880 515 924 556 οἱ
966 511 1272 569 ἀπηλγηκότες
1292 513 1360 570 ²),
1410 518 1486 557 καὶ

71 589 253 640 ἑαυτούς
281 589 562 646 παραδόντες
592 588 714 649 πάσῃ
747 589 983 647 ἀσελγεία,
1016 594 1092 633 καὶ
1122 589 1245 649 πάσῃ
1277 589 1488 648 ἀκαθαρ-

71 675 158 725 σίᾳ.
230 671 420 716 Βλέπεις
457 666 546 725 γὰρ
584 665 687 715 τοὺς
725 666 815 710 ἀπὸ
857 670 948 710 τῶν
986 668 1138 711 ἐθνῶν
1175 673 1276 711 τίνα
1316 668 1488 726 τρόπον

72 746 130 797 ὠς
160 746 383 802 ἀριστείας
414 744 506 788 ἔσθ’
535 741 605 788 ὅτε
635 747 935 801 καταλέγουσι
956 743 1034 793 τὰς
1062 751 1277 800 πορνείας
1306 750 1381 789 καὶ
1411 745 1488 795 τάς

67 829 275 882 μοιχείας
303 824 489 876 ἑαυτῶν,
524 821 630 865 οὐδὲ
662 821 928 877 αἰδούμενοι
959 820 1206 880 ὁμολογεῖν
1226 823 1278 866 τὰ
1302 827 1488 867 τοιαῦτα

70 905 381 954 πεποιηκέναι.
432 902 523 941 Καὶ
555 899 607 942 οὐ
638 902 852 956 λέγουσιν
882 898 996 942 αὐτὰ
1022 899 1343 957 ἁμαρτήματα,
1379 900 1488 946 ὅσον

73 978 156 1022 οὐκ
183 976 501 1035 αἰσχύνονται,
546 976 629 1019 οὐκ
659 976 981 1020 ἀναλίσκονται
1025 976 1177 1021 αὐτῶν
1219 981 1262 1021 οἱ
1297 978 1484 1035 μόχθοι,

73 1055 153 1099 οὐκ
184 1055 469 1098 ἀναλίσκεται
505 1052 655 1096 αὐτῶν
683 1053 736 1096 τὰ
766 1053 1090 1111 ἁμαρτήματα.
1129 1055 1259 1112 Ἀρχὴ
1296 1055 1488 1113 ἀγαθῶν

71 1133 189 1187 ἐστι,
223 1131 272 1175 τὸ
304 1133 611 1187 αἰσχυνθῆναί
638 1147 738 1174 τινα
770 1128 797 1175 ὃ
831 1132 911 1176 οὐκ
941 1131 1175 1192 ᾐσχύνετο.
1235 1132 1326 1175 Διά
1356 1137 1487 1177 τοῦτο

72 1207 160 1265 ἐγὼ
193 1207 244 1252 οὐ
276 1207 478 1265 κατάραν
509 1212 674 1266 νομίζω
708 1210 757 1252 ἐν
786 1215 878 1259 τοῖς
906 1209 1165 1268 προφήταις
1194 1213 1410 1267 λέγεσθαι
1439 1212 1490 1255 ἒν

70 1288 156 1342 τῷ·
197 1283 703 1342 ,,αἰσχυνθήτωσαν3),
747 1290 822 1329 καὶ
862 1286 1214 1343 ἔντραπήτωσαν
1248 1287 1414 1337 πάντες
1447 1291 1490 1332 οἵ

69 1366 310 1417 μισοῦντες
352 1361 535 1405 Σιών.“
607 1357 865 1419 Εὕχεται4)
911 1363 999 1421 γὰρ
1045 1363 1146 1413 τοὺς
1190 1363 1492 1418 ἀναισθήτους

75 1443 165 1483 τῶν
195 1442 274 1492 τῆς
305 1436 518 1494 αἰσχύνης
549 1439 711 1494 ἔργων,
744 1442 805 1487 εἰς
829 1445 1131 1494 συναίσθησιν
1152 1442 1382 1500 ἔρχεσθαι,
1414 1446 1490 1486 ἳνα

74 1519 393 1573 αἰσχυνθέντες
434 1516 695 1568 δυνηθῶσιν
745 1515 971 1561 ἀναλῶσαι
1017 1517 1120 1566 τοὺς
1161 1517 1367 1576 μόχθους
1414 1523 1490 1562 καὶ

76 1592 131 1635 τὰ
162 1590 463 1648 ἁμαρτήματα
496 1591 660 1635 αὐτῶν.

187 1669 226 1712 9.
264 1667 331 1711 Τὰ
363 1670 412 1712 δὲ
442 1665 589 1726 ι’ἱλογα
618 1672 709 1713 τιῖν
737 1674 946 1728 πατέρων
969 1671 1194 1729 κινήματα
1224 1672 1489 1730 πρόβατα5)

75 1744 173 1790 εἶπε
203 1749 279 1788 καὶ
308 1745 522 1802 μόσχους.
588 1746 651 1790 Οὐ
680 1746 770 1805 γὰρ
801 1748 953 1791 πάντα
983 1749 1037 1792 τὰ
1070 1746 1216 1808 ι’ἱλογα
1247 1749 1487 1794 ἐπαινετά·

76 1822 167 1866 ἀλλ’
191 1824 312 1867 ἔστιν
339 1819 483 1880 ι’ἕλογά
514 1840 614 1867 τινα
645 1823 804 1879 ψεκτὰ,
839 1822 990 1886 ὥσπερ
1020 1825 1073 1870 τὰ
1103 1826 1310 1886 πρόβατα
1341 1831 1432 1871 τῶν
1448 1829 1490 1884 ⁶)

74 1904 282 1957 πατέρων
311 1903 401 1944 τῶν
442 1899 792 1958 ἡμαρτηκότων·
837 1903 929 1946 ε’στι
966 1905 1020 1948 δέ
1047 1922 1148 1948 τινα
1179 1902 1325 1962 α’λογα
1356 1907 1491 1950 ἐπαι-

75 1977 206 2034 veui,
240 1974 362 2022 οἷον·
396 1977 553 2036 ,,τὰ7)
583 1978 672 2035 ἐμὰ
702 1978 906 2037 πρόβατα
935 1984 1011 2035 τῆς
1042 1986 1201 2040 φωνῆς
1227 2000 1319 2041 μου
1349 1982 1493 2028 ἀκού-

77 2072 190 2099 ουσι.
204 2058 232 2079 “
290 2054 504 2112 Πρόβατα
546 2048 603 2110 ήν
641 2059 716 2099 καὶ
754 2060 914 2113 ταῦτα,
959 2053 1023 2108 οἷς
1060 2058 1292 2117 ἀνάλογον
1328 2062 1494 2118 ἔχομεν

197 2195 234 2249 ¹)
264 2196 373 2238 Edd.
404 2196 570 2238 Huetii:
631 2197 992 2257 κατανοήσομεν.

193 2264 236 2318 ²)
271 2267 355 2308 Cfr.
387 2267 540 2323 Ephes.
571 2268 643 2319 IV,
675 2268 738 2311 19
859 2271 902 2326 ³)
935 2270 1021 2312 Cfr.
1051 2271 1205 2311 Psalm.
1228 2270 1422 2321 CXXIX,
1453 2271 1490 2313 5.

196 2335 238 2390 ¹²)
268 2336 318 2377 Β..
349 2336 388 2377 in
429 2337 561 2378 notis:
623 2339 768 2388 ‚,Cod.
801 2339 978 2381 Scorial.
1021 2340 1193 2396 (itemq.
1233 2341 1327 2383 edd.
1358 2341 1411 2382 H.
1448 2340 1491 2382 iu

80 2391 234 2446 textu):
257 2386 434 2447 ’Ἑχεται
465 2394 554 2450 γὰρ
584 2393 686 2443 τούς
718 2394 1020 2449 ἀναισθήτους
1048 2399 1124 2449 τῆς
1154 2397 1381 2464 αἰσχύνης,
1414 2413 1491 2453 ερ-

81 2455 197 2514 γωνι
202 2451 331 2515 ικτλ.
364 2471 414 2478 —
446 2449 498 2490 H.
519 2452 571 2490 ad
589 2452 838 2504 marginem:
870 2453 1004 2503 ‚‚C0d.
1017 2453 1263 2494 Vaticanus.
1295 2449 1487 2510 Εύχεται

81 2522 169 2563 pap
200 2504 301 2552 τοὶς
333 2503 630 2558 ἀναισθήτους
660 2512 749 2551 τῶν
780 2512 856 2563 τῆς
888 2509 1100 2566 αἰσχινης
1129 2511 1299 2569 έργων,
1315 2517 1339 2535 “
1370 2513 1460 2552 κτλ

198 2575 241 2627 ⁵)
273 2574 326 2614 H.
354 2575 405 2614 ad
434 2575 679 2627 marginem:
720 2579 861 2627 ‚‚C0d.
888 2579 1134 2621 Vaticanus:
1166 2579 1372 2638 πρόβατα
1403 2594 1492 2622 των

84 2633 292 2685 πατέρων
324 2633 457 2674 εἰπειι
488 2634 579 2673 κτλ.

198 2699 240 2756 6)
272 2700 324 2743 H.
355 2702 404 2741 ad
436 2717 586 2753 marg„
616 2702 666 2743 R.
696 2702 736 2743 in
769 2705 894 2745 notis:
945 2706 1088 2756 ‚‚C0d.
1120 2706 1302 2746 vatican.
1336 2703 1494 2744 omittit

82 2758 225 2797 verba:
257 2760 346 2799 τῶν
376 2764 633 2813 πατέρωι’.“

197 2826 238 2882 ⁷)
271 2826 354 2868 cfr.
387 2841 447 2867 εγ.
479 2828 629 2869 somn.
659 2829 721 2877 X,
752 2829 817 2871 27.
