1763 3112
244 72 329 117 368
673 70 894 113 Ofufflzms
925 83 969 112 m
998 71 1236 111 Jssmzmmm

245 181 635 239 ,,ἤπατήθην.“’)
694 182 784 227 Δια
814 189 859 227 τί
886 183 969 227 οὐκ
1000 178 1098 228 εἷπε
1125 181 1297 239 μόνον·
1338 178 1667 238 ,,ἠπάτησιὶς’·”)

245 277 304 318 με
344 258 534 319 κύριε·“’
591 258 704 302 ἀλλά
754 265 1010 320 προσέθηκε
1059 263 1136 303 καὶ
1183 259 1260 304 τό·
1310 257 1667 314 ,,ἠπατήθην;,“

239 333 393 380 ’Ἑστιν
435 339 576 381 ἐνίοτε
617 339 914 391 ἐπινοῆσαι3)
954 337 1004 381 τὸ
1048 337 1230 394 ἀπατᾷν
1259 333 1530 395 ἐνεργοῦντα
1570 350 1670 378 τινα

248 413 388 471 τὴν4>
432 412 631 468 ἀπάτην,
680 410 824 458 ἄλλον
869 415 919 458 δὲ
963 411 1318 472 φυλασσόμενον
1360 413 1669 467 ἀπατηθῆναι,

248 495 321 535 καὶ
368 491 449 535 οὐκ
490 489 808 548 ἀπατώμενον.
878 490 1016 536 Ὅταν
1061 493 1112 536 δὲ
1158 490 1181 536 ὁ
1229 493 1316 548 μὲν
1365 488 1583 550 ἐνεργήσῃ
1619 487 1670 533 τὸ

247 569 452 625 ἀπατᾷν,
510 566 531 611 ὃ
573 570 622 611 δὲ
664 566 726 624 μή
778 566 1030 626 φυλάξηται
1075 569 1386 625 ἀπατηθῆναι,
1438 567 1529 610 ἀλλ’
1585 567 1669 622 ἑμ-

246 648 422 706 πέσῃό)
464 648 524 693 εἰς
561 643 642 699 τὴν
681 643 885 701 ἀπάτην,
940 650 1061 691 εἴποι
1109 642 1192 690 ἄν·
1239 642 1570 701 ,,ἧπάτησάς6)
1611 659 1671 700 με

245 722 395 780 κύριε,
452 725 529 765 καὶ
569 720 861 777 ἠπατήθην.“
917 722 1034 780 Ἐγώ
1073 725 1122 768 δὲ
1162 721 1410 781 γενόμενος
1447 721 1559 766 κατὰ
1591 719 1672 765 τὸν

246 800 390 844 τόπον
438 802 515 843 καὶ
564 797 750 842 τοιαῦτά
797 816 898 843 τινα
947 803 1146 858 εἴποιμι·
1206 796 1230 844 ὃ
1267 799 1350 844 ἐὰν
1387 803 1494 859 λέγῃ
1533 814 1614 856 μοι
1646 796 1669 841 ὁ

246 874 367 936 ὄφις,
401 875 489 921 κᾶν
520 877 666 932 ἀληθῆ
696 894 777 934 μοι
807 880 929 938 λέγῃ,
961 874 1049 921 κᾶν
1088 877 1272 935 ἀπατᾷν
1298 894 1358 935 με
1388 881 1512 937 θέλῃ,
1544 874 1669 934 ὑφο-

244 959 393 1013 ρῶμαι
423 955 560 998 αὐτοῦ
592 953 694 1003 τοὺς
721 952 910 1011 λόγους,
957 953 1255 1015 πειθόμενος,
1300 953 1366 999 ὅτι
1399 959 1485 1000 εἴτε
1518 953 1668 1009 ἀπατᾷ

242 1050 315 1090 με,
350 1037 435 1077 εἴτε
469 1031 693 1087 ἀληθεύει,
726 1031 914 1086 βλάπτει
945 1049 1017 1089 με.
1065 1035 1158 1076 Καὶ
1188 1031 1212 1086 ἦ
1247 1031 1436 1086 ἀλήθεια
1468 1031 1558 1090 γὰρ
1581 1030 1668 1074 αὐ-

246 1113 323 1154 τοῦ
355 1107 559 1166 βλάπτει.
609 1109 756 1153 Οὐδὲν
787 1110 1021 1168 ὠφέλιμον
1054 1110 1144 1154 ἀπὸ
1179 1113 1256 1154 τοῦ
1291 1106 1439 1168 ὄφεως
1470 1114 1666 1166 γίνεται·

244 1189 344 1232 ἐπεὶ
382 1185 542 1243 ,,μὴ7)
589 1185 780 1229 δύναται
821 1188 1016 1243 δένδρον
1053 1187 1259 1246 πονηρὸν
1308 1186 1509 1246 καρπούς
1549 1186 1669 1244 ἀγα-

244 1262 355 1313 θοὸς
387 1265 642 1320 ἐνεγκεῖν.“
691 1260 748 1307 εῸ
789 1262 871 1307 ἐὰν
913 1266 962 1308 δὲ
996 1266 1102 1325 λέγῃ
1131 1281 1213 1319 μοι
1244 1263 1266 1308 ὁ
1299 1263 1426 1319 θεὸς,
1459 1267 1536 1308 καὶ
1565 1267 1670 1308 πεί-

243 1349 413 1401 θομαι,
455 1339 523 1385 ὅτι
552 1339 658 1390 θεός
688 1342 810 1384 ἐστιν
842 1339 864 1385 ὁ
896 1344 1063 1399 λέγων,
1112 1338 1292 1401 ἕτοιμός
1333 1345 1422 1398 εἶμι
1454 1345 1669 1400 παρέχειν

245 1416 459 1476 ἐμαυτόν.
523 1417 776 1475 Ἀληθεύει,
827 1420 1035 1476 δέχομαι.
1098 1419 1299 1476 Ἀπατᾷν
1342 1435 1400 1476 με
1444 1415 1666 1473 βούλεται,

246 1495 362 1541 ἑκών
404 1496 675 1553 ἀπατῶμαι·
721 1493 827 1546 θεός
863 1513 921 1552 με
961 1494 1102 1554 μόνος
1144 1494 1377 1540 ἀπατάτω.
1436 1499 1529 1539 Καὶ
1569 1496 1669 1540 ἐπεὶ

246 1580 428 1634 παρέχω
471 1574 692 1631 ἐμαυτὸν,
740 1571 1015 1628 πειθόμενος
1056 1573 1169 1618 θεὸν
1206 1571 1322 1618 εἶναι
1351 1572 1430 1617 τὸν
1458 1577 1664 1630 λέγοντα,

244 1657 320 1696 καὶ
353 1652 645 1706 ἀπατᾶσθαι,
688 1655 764 1694 καὶ
806 1651 858 1695 οὐ
890 1650 1259 1711 περιεργάζομαι.
1324 1654 1445 1695 Θέλω
1478 1648 1665 1694 ἀπατώ-

242 1746 381 1788 μενος
408 1728 469 1785 μὴ
506 1726 578 1772 ὑπ’
617 1725 781 1783 ἄλλου,
825 1728 915 1772 ἀλλ’
960 1728 1048 1774 ὑπὸ
1087 1733 1166 1773 τοῦ
1206 1732 1318 1774 θεοῦ
1361 1729 1667 1783 ἀπατηθῆναι.

244 1808 334 1851 Διὰ
366 1810 497 1850 τοῦτο
529 1809 660 1863 λέγω,
696 1803 763 1849 ὅτι
779 1806 821 1862 ⁸)
855 1806 905 1849 οὐ
935 1805 1086 1862 μόνον
1108 1805 1164 1851 σύ
1187 1807 1437 1865 ἐνήργησας
1460 1804 1508 1850 τὸ
1542 1805 1666 1849 ἀπα-

244 1887 351 1941 τᾷν,
397 1882 487 1926 ἀλλ’
535 1881 600 1926 ὅτι
640 1881 765 1940 κάγώ
806 1887 1022 1927 πέπονθα
1068 1883 1116 1928 τὸ
1149 1883 1239 1928 ὑπὸ
1271 1888 1355 1929 σοῦ
1387 1884 1664 1928 ἀπατᾶσθαι.

243 1966 337 2005 Καὶ
368 1960 481 2005 κατὰ
514 1963 644 2004 τοῦτο
678 1964 818 2016 λέγω,
862 1958 925 2003 ὅτι
945 1962 987 2014 9)
1029 1960 1298 2015 ,,ἤπάτησάς
1327 1978 1384 2018 με
1416 1960 1554 2017 κύριε,
1588 1962 1666 2003 καὶ

243 2025 531 2096 ἧπατήθην.“
597 2043 656 2080 Τί
683 2039 733 2081 δὲ
765 2038 1013 2082 ἀκολουθεῖ
1048 2040 1110 2095 τῷ
1142 2035 1221 2082 τὸν
1251 2038 1363 2082 θεὸν
1393 2035 1509 2082 εἶναι
1539 2036 1663 2079 ἀπα-

243 2120 412 2172 τῶντα,
454 2119 529 2159 καὶ
562 2111 812 2175 ἄνθρωπον
843 2111 958 2160 εἶναι
988 2113 1068 2159 τὸν
1095 2113 1427 2172 ἀπατώμενον;
1465 2110 1663 2174 ,,Ἐκριί-

368 2299 404 2355 ¹)
435 2298 592 2340 Jerem.
625 2298 721 2349 XX,
754 2299 791 2341 7.
968 2298 1011 2354 ²)
1040 2298 1194 2339 Jerem.
1227 2296 1324 2347 XX,
1356 2296 1394 2340 7.

357 2369 400 2424 ³)
432 2369 634 2410 Huetius:
667 2371 938 2423 ,,ἒπινοῆσαί
966 2387 1005 2412 τι
1036 2365 1312 2428 ἐνεργοῦντα
1342 2374 1483 2410 τινα.“

358 2439 399 2494 ⁴¹)
432 2439 488 2480 H.
522 2441 574 2480 ad
604 2440 857 2492 marginem:
889 2439 1170 2491 „Ghislerius:
1205 2437 1321 2494 πρὸς
1348 2434 1568 2492 ἀπάτηνέι

358 2509 397 2565 ⁵)
430 2510 483 2550 H.
525 2510 568 2550 in
608 2521 743 2550 textu:
792 2511 1053 2565 ,βμπέσοιρί
1097 2510 1151 2550 ad
1189 2525 1316 2560 marg.
1356 2524 1478 2548 vero:
1523 2507 1658 2558 ,‚Cod.

239 2564 488 2607 Vaticanus:
522 2568 737 2624 ἕμπέσῃέῑ
915 2567 956 2620 6)
986 2567 1140 2607 Jerem.
1171 2566 1268 2615 XX,
1300 2565 1337 2607 7.

364 2637 400 2689 ⁷)
435 2636 521 2677 Cfr.
553 2636 701 2676 Matth.
733 2636 827 2688 Vll,
859 2636 923 2679 18.

358 2706 399 2761 5)
434 2706 486 2746 H.
518 2706 571 2746 ad
600 2705 849 2758 marginem:
892 2707 1036 2757 „deest
1074 2705 1117 2747 in
1149 2707 1254 2749 Cod.
1286 2706 1510 2748 Vaticano:
1550 2701 1658 2747 ὅτι.“

359 2776 401 2831 9)
432 2776 484 2816 H.
517 2777 570 2816 ad
600 2775 852 2828 marginem:
892 2778 1036 2828 „deest
1073 2777 1115 2818 in
1149 2777 1255 2820 Cod.
1286 2776 1508 2821 Vaticano:
1552 2772 1658 2818 ὅτι.“

245 2857 296 2864 —-
330 2832 415 2875 Cfr.
447 2834 604 2874 Jerem.
634 2833 730 2884 XX,
762 2835 798 2876 7.
