1734 3112
237 79 293 123 64
529 84 750 126 oium-:ms
780 96 825 124 m
858 85 1042 131 CAN‘ric.
1073 85 1376 128 Cmrmonum

240 195 437 237 columba
466 202 609 238 mea.“
668 197 723 238 Et
761 209 807 238 ut
845 198 984 253 aliqua
1024 196 1149 238 etiam
1195 199 1246 238 de
1279 198 1364 248 his,
1414 213 1519 254 quae
1550 211 1663 254 post-

238 274 416 315 modum
447 274 623 316 dicenda
654 288 772 325 sunt,
804 275 1135 332 praeveniamus,
1166 275 1360 317 timentes
1389 291 1555 316 sensum
1571 292 1665 332 pcr-

239 353 363 403 dere,
405 353 477 410 qui
509 353 692 395 occurrit
722 353 765 394 in
796 353 876 394 hoc
908 354 1027 393 loco:
1068 364 1295 408 propterea
1326 353 1512 394 fortassis
1545 366 1584 395 et
1615 355 1665 394 il-

239 429 314 471 lud
344 431 448 472 dicit
476 432 526 472 ad
560 448 678 481 eam,
709 430 805 488 quia
840 430 965 471 ctiam
996 430 1128 470 hiems
1159 430 1345 482 transiit,
1375 431 1520 488 pluvia
1550 432 1666 482 abiit,

237 507 365 550 simul
403 521 444 549 et
483 509 686 564 passionis
727 525 824 549 suae
864 520 1030 563 tempus
1062 506 1269 557 indicans,
1317 510 1430 563 quod
1463 522 1665 551 transacta

238 586 398 637 hieme,
440 598 480 627 et
510 586 684 644 dejectis
715 585 918 627 imbribus
959 585 1047 642 ipse
1079 601 1221 641 passus
1262 597 1344 626 est:
1386 587 1511 628 simul
1545 601 1584 629 et
1616 589 1665 629 il-

240 665 314 704 lud
345 680 514 721 quoque
544 680 621 720 per
649 663 913 719 spiritualem
933 663 1149 716 designans
1180 662 1514 717 intelligentiam,
1550 667 1666 723 quod

238 759 370 800 usque
413 743 465 784 ad
500 743 608 783 illud
638 754 828 798 tempus,
872 758 956 798 quo
990 741 1178 784 Christus
1208 755 1352 796 passus
1385 754 1465 794 est,
1510 743 1665 784 imbres
1726 764 1734 769 ·

236 822 408 863 fuerunt
446 837 572 878 super
609 833 776 862 terram.
847 820 1077 861 Mandabat
1128 817 1240 860 enim
1280 818 1415 861 adhuc
1453 822 1666 863 Dominus

238 899 465 950 imbribus,
510 899 672 941 scilicet
710 897 954 955 prophetis,
999 910 1046 939 ut
1084 898 1281 954 pluerent
1321 898 1438 940 verbi
1476 900 1665 956 pluviam

239 994 364 1034 super
401 990 568 1019 terram.
640 978 727 1019 Sed
768 976 863 1034 quia
911 992 1042 1032 usque
1092 977 1145 1017 ad
1185 978 1395 1019 Joannem
1441 978 1667 1034 baptistam

239 1054 489 1111 prophetica
518 1056 722 1098 finiuntur
753 1055 917 1106 officia,
959 1054 1113 1096 merito
1145 1054 1300 1096 imbres
1332 1055 1479 1097 abiisse
1514 1068 1555 1097 et
1585 1057 1667 1098 dis-

240 1132 407 1174 cessisse
463 1134 672 1175 dicuntur.
761 1135 984 1176 Cessarunt
1032 1144 1172 1174 autem
1222 1133 1463 1190 prophetici
1511 1134 1664 1176 imbres

237 1226 323 1251 non
354 1213 406 1253 ad
438 1212 637 1253 damnum
667 1212 953 1262 credentium,
994 1211 1066 1252 sed
1098 1211 1150 1251 ad
1178 1209 1339 1268 majora
1370 1211 1571 1253 ecclesiae
1603 1212 1667 1252 lu-

240 1304 320 1329 era.
381 1288 499 1343 Quid
531 1289 643 1331 enim
672 1289 876 1331 imbribus
909 1306 1015 1345 opus
1047 1300 1131 1339 est,
1170 1288 1245 1328 ubi
1276 1289 1434 1330 flumen
1466 1290 1550 1331 Dei
1582 1290 1666 1332 lae-

237 1366 368 1407 tificat
399 1367 641 1409 civitatem?
678 1367 753 1408 ubi
791 1366 833 1407 in
874 1366 1000 1407 corde
1044 1364 1371 1423 uniuscujusque
1404 1368 1666 1408 credentium

237 1444 332 1485 fons
363 1461 493 1502 aquae
524 1445 643 1487 vivae
672 1446 721 1486 fit
740 1446 795 1498 ¹),
824 1444 1008 1485 salientis
1040 1443 1084 1484 in
1115 1443 1242 1484 vitam
1267 1444 1507 1486 aeternam?
1549 1444 1666 1499 Quid

238 1538 344 1578 opus
375 1523 604 1574 imbribus,
643 1523 718 1563 ubi
747 1521 832 1580 jam
872 1523 998 1563 flores
1037 1533 1322 1578 apparuerunt
1361 1522 1404 1562 in
1440 1533 1550 1563 terra
1589 1538 1665 1563 no—

235 1611 342 1651 stra,
389 1612 429 1641 et
471 1618 518 1641 ex
556 1602 740 1642 adventu
769 1598 949 1641 Domini
985 1598 1070 1658 jam
1107 1615 1194 1640 uon
1236 1598 1443 1640 exciditur
1471 1599 1664 1650 ficulnea,

235 1693 341 1732 quae
372 1677 488 1733 prius
523 1694 611 1719 non
649 1677 845 1718 attulerat
883 1676 1098 1719 fructum?
1155 1678 1278 1717 Nunc
1310 1676 1420 1718 enim
1451 1676 1533 1735 jam
1564 1694 1664 1734 pro-

235 1753 354 1795 duxit
396 1770 560 1808 grossos
614 1771 723 1796 suos.
807 1755 894 1797 Sed
948 1766 989 1795 et
1033 1754 1179 1795 vineae
1226 1755 1434 1796 dederunt
1484 1755 1663 1797 odorem

234 1848 368 1874 suum.
442 1832 566 1873 Unde
615 1844 655 1874 et
699 1848 806 1873 unus
853 1832 1025 1889 quidam
1079 1848 1127 1872 ex
1172 1832 1249 1873 ista
1300 1832 1422 1874 vinea
1477 1832 1661 1875 dicebat:

235 1910 370 1966 „quia
386 1910 430 1966 ²)
463 1908 618 1952 Christi
656 1910 793 1950 bonus
826 1910 935 1950 odor
964 1925 1106 1950 sumus
1135 1909 1234 1949 Deo
1267 1908 1310 1949 in
1342 1910 1459 1950 omni
1488 1911 1587 1952 loco
1618 1911 1662 1952 in

232 1986 319 2039 his,
357 1987 429 2044 qui
459 1988 562 2029 salvi
591 1988 718 2038 fiunt,
759 1999 800 2028 et
829 1986 873 2027 in
902 1985 987 2038 his,
1030 1986 1101 2042 qui
1143 1993 1370 2042 pereunt‚“
1430 1988 1518 2030 Sed
1546 1989 1661 2040 haec,
1690 2021 1701 2024 -

233 2065 340 2106 sicut
379 2082 504 2121 supra
552 2064 881 2118 designavimus,
931 2074 1153 2119 antequam
1192 2065 1245 2105 ad
1283 2064 1373 2120 ipsa
1416 2064 1659 2121 Scripturae

233 2142 327 2184 loca
366 2142 603 2185 veniremus
629 2144 692 2198 ³),
728 2141 1076 2201 praesumsimus,
1125 2157 1177 2182 ne
1224 2142 1335 2182 forte
1375 2143 1539 2195 fugeret
1580 2159 1657 2185 nos

234 2350 305 2398 ὅτε
334 2356 492 2410 μηκέτι
523 2353 667 2399 ὑετῶν
690 2355 839 2410 χρεία,
874 2347 946 2393 ὅτε
975 2350 1029 2395 τὰ
1058 2349 1134 2394 διὰ
1155 2350 1356 2408 Χριστὸν
1374 2347 1497 2408 ἄνθη
1520 2348 1658 2411 ὤφθη

232 2425 284 2470 ἐν
321 2428 372 2486 τῇ
414 2428 488 2485 γῇ.
549 2426 643 2468 Καὶ
683 2419 773 2465 ἀπὸ
813 2423 889 2475 τῆς
928 2421 1173 2479 ἐπιδημίας
1213 2421 1351 2466 αὐτοῦ
1392 2420 1418 2478 ἡ
1459 2426 1571 2478 συκῆ
1604 2423 1656 2468 οὐ

231 2495 458 2550 κόπτεται,
492 2491 696 2552 ἄκαρπος
726 2493 777 2537 ἒν
805 2495 866 2549 τῷ
889 2495 1093 2550 προτέρῳ
1113 2496 1339 2549 γενομένη
1359 2495 1520 2550 καιρῷ·
1553 2497 1657 2537 νυνὶ

229 2565 321 2625 γὰρ
369 2562 590 2614 ὀλύνθους
636 2560 812 2620 ἤνεγκε,
874 2565 951 2605 καὶ
996 2565 1291 2617 κυπρίζουσιν
1337 2565 1385 2605 αἱ
1437 2560 1653 2620 ἄμπελοι..

230 2634 318 2683 Διό
350 2650 495 2695 φησιν
525 2634 574 2679 ἓν
601 2636 693 2678 τῶν
722 2630 992 2690 κλημάτων·
1032 2666 1061 2688 ,,
1076 2635 1278 2691 Χριστοῦ
1315 2632 1484 2677 εὐωδία
1515 2635 1654 2692 ἐσμὲν

230 2710 295 2767 τῷ
327 2708 484 2764 θεῷ.“
540 2706 721 2747 Ruaeus.

351 2778 391 2831 ¹)
419 2776 529 2818 Edd.
559 2775 621 2816 M.
653 2806 678 2825 ‚,
691 2773 756 2815 sit.
769 2779 793 2798 “
913 2771 955 2828 ²)
987 2772 1029 2813 II
1048 2771 1146 2814 Cor.
1178 2774 1242 2823 II,
1273 2773 1339 2817 15.

348 2848 392 2904 3)
421 2847 501 2888 Ed.
533 2844 685 2888 Ruaei:
727 2843 869 2885 venire
899 2843 1236 2899 praesumsimus.

1723 2363 1734 2564 ἐ
