1763 3112
229 64 313 107 398
647 63 867 104 Omoems
906 74 950 104 m
979 62 1215 102 JEREMIAM

229 181 404 216 ratum.“
466 175 646 216 Putasne
676 190 822 228 magna
854 176 1005 216 domus
1036 175 1078 216 in
1107 174 1316 231 praesenti
1348 185 1422 224 cst,
1453 186 1494 215 et
1525 175 1565 216 in
1597 192 1644 217 ea

228 264 322 293 sunt
354 268 445 294 vasa
475 252 516 293 in
557 252 787 302 honorem,
827 262 868 292 et
906 251 985 292 alia
1024 251 1065 292 in
1106 251 1434 294 contumeliam?
1491 253 1556 292 An
1600 253 1642 293 in

229 330 315 379 illa,
346 346 451 385 quae
482 330 621 370 futura
650 341 724 379 est,
755 329 909 378 domo,
939 344 1031 369 vasa
1062 328 1233 384 quidem
1263 344 1400 379 aurea,
1431 339 1473 369 et
1502 345 1644 381 argen-

228 418 306 457 tea,
339 423 443 462 quae
474 417 568 447 sunt
597 405 639 446 in
669 406 899 455 honorem,
939 405 1202 446 inveniemur
1239 422 1333 447 vasa
1367 421 1454 447 esse
1483 405 1646 446 miseri-

229 483 418 524 cordiae:
456 482 620 538 reliqua
652 495 812 534 autem,
853 482 896 524 id
928 494 1010 534 est,
1049 482 1286 523 mediocres
1315 483 1532 534 homines,
1573 482 1644 538 qui

229 572 340 601 extra
370 561 608 601 thesaurum
638 571 747 610 sunt,
776 575 829 600 ne
861 558 943 600 sint
974 576 1065 601 vasa
1095 559 1195 610 irae,
1225 576 1298 601 seu
1315 560 1644 611 misericordiae,

227 637 271 678 hi
314 648 516 693 poterunt
565 636 679 693 juxta
728 635 1083 692 dispensationem
1137 638 1346 693 quandam
1388 638 1644 693 profundam

228 713 312 754 Dei
343 729 436 754 vasa
467 729 555 754 esse
585 713 629 754 in
659 729 807 767 magna
837 714 990 762 domn,
1029 729 1135 769 quae
1174 715 1374 755 mundata
1410 731 1497 755 non
1535 726 1643 765 sunt,

226 791 299 831 sed
328 801 424 830 sunt
452 806 548 831 vasa
576 803 708 833 testea
743 790 789 832 in
829 790 1154 841 contumeliam,
1195 801 1379 832 attamen
1416 791 1644 832 necessaria

226 867 402 909 domui?
455 867 563 909 Vide
594 880 748 920 autem,
778 868 813 910 si
845 869 1017 909 valuero
1051 879 1092 909 et
1121 868 1202 909 hoe
1230 867 1370 924 ipsum
1405 869 1645 924 exemplum

225 961 274 984 ex
310 944 395 985 alio
444 945 686 1001 Scripturae
728 945 972 987 testimonio
1023 947 1314 1002 comprobare.
1384 945 1644 994 „inhonora—

224 1033 290 1062 tus
310 1022 351 1077 ¹)
382 1034 455 1073 est,
485 1022 635 1079 inquit,
663 1023 901 1074 Jechonias,
933 1022 1050 1078 quasi
1081 1039 1162 1072 vas,
1195 1021 1311 1079 cujus
1339 1022 1457 1063 nulla
1487 1034 1547 1062 est
1565 1022 1644 1063 uti·

224 1097 357 1139 litas.“
414 1100 514 1140 Non
545 1099 626 1140 ait:
660 1101 778 1155 est2)
809 1099 980 1156 quidem
1020 1098 1107 1157 ejus
1135 1099 1317 1150 utilitas,
1353 1099 1397 1139 in
1428 1110 1645 1140 contume-

225 1175 324 1216 liam
355 1187 497 1223 autem
528 1176 615 1234 ejus
647 1188 708 1218 est
735 1177 917 1218 utilitas:
948 1178 1022 1218 sed
1051 1176 1150 1232 quia
1180 1188 1267 1217 erat
1299 1192 1346 1217 ex
1377 1177 1506 1217 domo
1543 1176 1643 1227 Dei,

225 1264 266 1293 et
295 1252 508 1307 peccavit,
550 1253 594 1293 in
637 1265 777 1295 totum
815 1270 901 1294 non
941 1265 1003 1295 est
1043 1254 1132 1308 ejus
1168 1253 1337 1293 utilitas.
1412 1253 1561 1294 Habeo
1601 1266 1642 1295 et

221 1329 347 1371 aliam
375 1329 650 1386 scripturam,
696 1330 737 1371 in
775 1347 856 1387 qua
895 1330 1052 1372 dieitur
1081 1330 1133 1371 de
1163 1329 1247 1371 alio
1280 1329 1465 1386 quodam
1493 1347 1643 1386 pecca-

220 1420 335 1449 tore:
366 1408 490 1458 „et3)
522 1407 603 1449 erit
631 1408 748 1463 quasi
777 1419 902 1458 testa,
941 1407 985 1449 in
1023 1424 1106 1464 qua
1142 1407 1325 1449 attrahes
1354 1423 1484 1463 aquae
1514 1407 1646 1464 pusil-

220 1486 323 1535 lum,
354 1497 396 1526 et
425 1484 469 1525 in
499 1501 579 1540 qua
611 1486 838 1526 carbonem
867 1484 1115 1542 bajulabis,“
1172 1485 1228 1526 Et
1260 1500 1426 1524 rursum
1457 1485 1638 1527 affirmat

220 1579 304 1604 non
334 1562 616 1608 necessarium
645 1562 834 1618 penitus,
875 1574 918 1604 et
955 1580 1003 1604 ex
1035 1561 1152 1604 omni
1183 1572 1303 1617 parte
1335 1577 1421 1603 esse
1452 1578 1521 1602 vas
1552 1561 1643 1602 inu-

220 1639 308 1680 tile.
366 1640 587 1696 Numquid
615 1657 700 1681 non
733 1640 860 1694 igitur
888 1656 987 1692 nos,
1017 1639 1089 1696 qui
1118 1639 1162 1679 in
1195 1639 1325 1680 domo
1356 1637 1433 1680 ista
1461 1638 1546 1680 Dei
1575 1656 1643 1680 su-

219 1733 339 1767 mus„
373 1717 541 1772 quando
580 1718 743 1773 aperire
775 1718 966 1775 coeperit
994 1717 1205 1758 Dominus
1235 1716 1476 1757 thesaurum
1505 1730 1650 1767 suum„

219 1793 470 1849 incipiemus
499 1786 708 1845 mundari,
737 1795 949 1836 sitantum
973 1794 1178 1836 fuerimus
1196 1809 1290 1834 vasa
1312 1793 1642 1843 misericordiae,

217 1869 419 1927 projectis
452 1870 554 1913 vasis
583 1887 606 1912 a
632 1871 756 1912 nobis
785 1871 900 1914 irae?
959 1873 1026 1912 An
1068 1883 1181 1914 certe
1214 1871 1300 1929 jam
1332 1870 1552 1912 exordium
1583 1883 1645 1912 est

218 1959 419 2003 oportere
449 1963 526 1988 nos
556 1960 740 2001 satagere
770 1965 858 1988 non
887 1948 1040 1998 solum,
1069 1960 1117 1988 ut
1146 1964 1231 1988 non
1261 1948 1391 1988 simus
1420 1964 1516 1988 vasa
1540 1947 1642 1998 irae,

218 2026 293 2066 sed
321 2036 369 2065 ut
397 2024 440 2074 ii,
472 2024 549 2080 qui·
573 2037 684 2074 sunt,
711 2024 989 2081 projiciantur
1018 2041 1041 2066 a
1070 2024 1223 2067 nobis?
1254 2024 1359 2065 Tale
1392 2023 1643 2080 enimquid-

218 2102 314 2143 dam
346 2113 409 2142 est
437 2102 533 2153 hoc,
563 2104 679 2159 quod
708 2103 926 2159 apostolus
955 2103 1111 2143 Paulus
1143 2101 1373 2142 Corinthiis
1403 2101 1482 2142 ait:
1512 2101 1583 2151 „in
1599 2101 1643 2157 ⁴²)

216 2190 379 2220 tantum
408 2178 577 2220 auditur
604 2179 715 2221 inter
744 2196 818 2220 vos
849 2178 1088 2230 fornicatio,
1120 2194 1224 2235 quae
1253 2194 1331 2219 nec
1360 2178 1403 2218 in
1434 2178 1640 2231 gentibus,

215 2268 263 2297 ut
290 2273 466 2299 uxorem
512 2256 682 2313 quidem
722 2258 851 2313 patris
890 2256 1039 2314 aliquis
1079 2257 1248 2297 habeat:
1299 2267 1341 2296 et
1381 2269 1469 2299 non
1512 2255 1642 2308 magis

216 2333 453 2389 planxistis,
492 2346 539 2376 ut
570 2335 782 2376 auferatur
813 2336 864 2376 de
895 2335 1036 2375 medio
1070 2345 1281 2384 vestrum,
1319 2332 1391 2389 qui
1421 2333 1502 2373 hoc
1533 2348 1640 2388 opus

216 2410 399 2462 gessit:“
441 2412 558 2466 quasi
600 2412 779 2461 diceret,
828 2423 974 2468 aperto
1015 2411 1211 2451 thesauro
1250 2409 1337 2451 Dei
1376 2409 1641 2464 egrediantur

217 2503 309 2528 vasa
338 2487 422 2528 irae
453 2505 561 2529 suae.
630 2489 812 2544 Aperuit
849 2490 883 2530 si
925 2488 1097 2546 quidem
1135 2487 1346 2528 Dominus
1383 2488 1639 2537 thesaurum,

216 2575 256 2603 et
286 2564 467 2620 protulit
498 2581 590 2605 vasa
629 2565 714 2605 irae
753 2582 862 2607 suae.
929 2566 1030 2618 Legi
1069 2565 1225 2606 alicubi
1265 2565 1381 2620 quasi
1420 2565 1638 2607 Salvatore

338 2738 376 2791 ¹)
405 2737 561 2780 Jerem.
591 2740 730 2789 XXH,
762 2740 827 2782 28.
949 2742 992 2797 ²)
1023 2741 1129 2781 Edd.
1162 2741 1224 2781 M.
1272 2755 1385 2789 „non
1426 2745 1512 2780 est“
1557 2751 1630 2779 etr.

334 2809 375 2861 ³)
415 2808 498 2848 Cfr.
530 2810 650 2851 Jesai.
684 2811 822 2860 XXX,
859 2812 918 2854 14,
1041 2812 1084 2867 ⁴)
1117 2812 1205 2854 Csr.
1240 2813 1253 2850 l
1287 2811 1384 2852 Cor.
1420 2812 1469 2861 V,
1501 2810 1533 2852 1Γ
1567 2810 1601 2851 2,
