1763 3112
673 62 720 92 m
746 46 1002 91 Jssmzmmm.
1470 50 1554 96 453

125 158 238 217 ,,οῧς
259 162 299 218 ¹)
329 162 573 222 παρέδωκα
605 163 667 218 τῷ
700 164 891 218 σατανᾷ,
922 164 999 205 ἵνα
1029 161 1315 205 παιδευθῶσι
1342 160 1405 218 μή
1429 166 1545 218 βλα-

123 241 376 297 σφημεῖν.“
425 235 551 282 ’Ἰστω
594 239 646 283 δὲ
684 236 706 283 ὁ
747 241 824 293 τῆς
851 235 1143 296 Ἰερουσαλὴμ
1184 237 1439 295 ἐκβληθεὶς,
1483 240 1543 290 αις

120 316 206 360 ἐὰν
240 315 386 371 μὲνῖ)
432 313 599 376 ποιήσῃ
639 313 817 375 χρόνον
847 308 1057 375 ἀὐτάρκη
1093 311 1309 374 πράττων
1347 316 1430 365 ἔξω
1466 319 1542 372 τῆς

119 392 352 447 ἐκκλησίας
394 388 422 435 ἃ
466 394 557 448 δεῖ,
600 392 682 436 οὐκ
723 390 959 436 ἐπάνεισιν
997 392 1073 435 ἐπὶ
1113 389 1192 447 τὴν
1228 390 1536 449 Ἰερουσαλήμ.

110 467 397 524 Ἐκβάλλεται
429 471 484 513 δέ
509 486 572 518 τις
600 466 902 528 ἁμαρτάνων,
948 466 1036 513 κᾶν
1072 468 1136 526 μὴ
1168 468 1241 513 ὑπ’
1276 467 1538 529 ἀνθρώπων

116 547 327 606 ἐκβληθῇ.
388 550 475 591 Δεῖ
511 548 561 591 δὲ
591 546 730 592 αὐτὸν
766 549 847 596 ἔξω
878 549 1122 605 γεγονέναι
1147 549 1227 590 τοῦ
1257 545 1320 602 μὴ
1352 546 1537 603 ἀμελεῖν

113 627 192 667 τοῦ
252 625 516 680 οἵκοδομεῖν
572 627 743 679 οἰκίαν,
813 627 890 667 καὶ
942 622 1154 682 φυτεύειν
1210 624 1532 681 παραδείσους.

117 704 268 744 Ταῦτα
298 700 390 759 γὰρ
419 699 483 760 μὴ
514 704 683 756 ποιῶν,
725 702 843 759 μηδὲ
872 700 1113 759 πληρώσας
1141 699 1222 745 τὸν
1253 701 1533 760 συμβολικὸν

108 776 431 839 ἀριθμὸντῶν
464 780 577 822 ἐτῶν
592 781 682 822 τῶν
705 777 1031 837 ἑβδομήκοντα,
1064 776 1294 834 σαββάτου
1319 781 1395 821 καὶ
1413 777 1530 821 ἀνα-

108 853 318 904 παύσεως
348 852 479 910 ὄντα,
524 855 607 899 οὐκ
645 854 852 900 ἐπάνεισι
891 852 1187 908 κοινωνήσων
1216 858 1266 914 τῇ
1299 855 1525 912 ἐκκλησίᾳ,

104 935 233 987 μένει
263 932 315 975 δὲ
344 933 788 991 καταδεδικασμένος
817 933 900 981 ἔξω
933 928 1049 976 εἷναι
1078 934 1154 986 τῆς
1179 930 1490 993 Ἰερουσαλήμ.

215 1010 402 1065 ,,Καὶ3)
439 1007 595 1065 λάβετε
634 1011 907 1067 γυναῖκας.“
978 1013 1037 1052 Τί
1079 1010 1133 1053 δέ
1168 1008 1262 1053 ἐστι
1290 1007 1340 1053 τὸ
1371 1012 1527 1064 λαβεῖν

102 1091 344 1142 γυναῖκας;
386 1084 645 1140 Ἐδήλωσεν
684 1084 706 1129 ὁ
737 1089 842 1144 περὶ
872 1090 947 1141 τῆς
978 1091 1146 1144 σοφίας
1176 1085 1341 1131 εἰπών·
1382 1084 1525 1141 ,,ταύ-

101 1163 237 1220 την4)
268 1161 452 1219 ἐζήτησα
484 1160 674 1221 νύμφην
704 1162 964 1220 ἀγαγέσθαι
993 1165 1197 1220 ἐμαυτῷ,
1231 1167 1308 1206 καὶ
1339 1165 1527 1219 ἐραστης

100 1239 327 1298 ἐγενόμην
356 1242 436 1283 τοῦ
467 1237 659 1288 κάλλους
688 1239 869 1295 αὐτῆς.“
923 1244 1011 1285 Δεῖ
1035 1239 1196 1296 ταύτης
1225 1242 1348 1298 ἐρᾷν,
1383 1238 1442 1289 ὠς
1473 1242 1523 1283 ἐν

99 1322 377 1376 Παροιμίαις
412 1315 639 1374 Σολομῶν
668 1315 958 1373 εἰσηγήσατο,
1002 1315 1176 1376 φήσας’
1210 1315 1456 1374 ,,ἒράσθητι
1479 1318 1520 1372 ⁵)

99 1394 260 1450 αὐτῆς,
301 1397 377 1437 καὶ
405 1392 586 1451 τηρήσει
615 1409 688 1439 σε·
722 1397 801 1438 καὶ
829 1393 1210 1452 περιχαράκωσον
1240 1393 1402 1449 αὐτὴν,
1445 1398 1523 1438 καὶ

96 1469 274 1528 ὑψώσει
313 1472 411 1516 σε.“
481 1475 575 1515 Καὶ
626 1467 764 1522 ἄλλας
801 1472 852 1516 δὲ
901 1469 997 1516 νόει
1047 1472 1173 1529 παρὰ
1212 1470 1294 1527 τὴν
1343 1477 1520 1530 σοφίαν

94 1555 329 1607 γυναῖκας,
361 1546 439 1598 τὰς
465 1549 629 1600 λοιπὰς
659 1548 831 1606 ἀρετάς.
913 1549 1040 1594 Οὕτω
1078 1550 1169 1607 γὰρ
1200 1551 1370 1599 ἐξέσται
1401 1553 1519 1594 πολ-

95 1624 176 1676 λιὶς
204 1632 424 1684 γυναῖκας
454 1630 635 1684 λαβεῖν,
676 1628 723 1677 ἐξ
762 1618 829 1671 ὧν
860 1629 934 1671 δεῖ
961 1633 1266 1671 τεκνοποιεῖν·
1308 1625 1399 1670 ἀπὸ
1432 1642 1517 1671 ‹xo-2

95 1709 231 1762 φίας,
271 1703 414 1760 λόγον
444 1709 634 1761 σοφίας,
681 1702 740 1754 ὥς
784 1700 842 1748 ἂν
880 1707 957 1747 καὶ
996 1700 1158 1753 ἄλλους
1187 1701 1491 1764 οἰκοδομήσῃς

90 1780 186 1825 οἷπό
219 1779 534 1839 σωφροσύνης,
567 1782 680 1840 ἔργα
710 1779 1022 1839 σωφροσύνης,
1054 1784 1129 1824 ἵνα
1147 1779 1391 1838 σώφρονας
1407 1797 1517 1824 ποι-

93 1856 200 1918 ήσῃς
238 1863 321 1914 βίῳ
351 1862 427 1901 καὶ
457 1856 605 1916 λόγῳ·
640 1857 731 1901 ἀπὸ
765 1856 1077 1914 δικαιοσύνης,
1122 1859 1235 1916 ἔργα
1274 1856 1514 1901 δικαιοσύ-

93 1954 170 1992 νης
199 1937 249 1978 ἐν
279 1941 497 1992 κοινωνίᾳ
536 1937 612 1978 καὶ
652 1934 1016 1994 συναλλάγμασι.
1081 1933 1214 1979 Ἀλλὰ
1253 1938 1330 1979 καὶ
1361 1936 1514 1979 δικαί-

92 2029 168 2062 ους
198 2009 445 2068 διδάσκων,
477 2009 815 2066 τεκνοποιήσεις
844 2012 935 2057 ἀπὸ
968 2012 1272 2069 δικαιοσύνης,
1308 2012 1432 2062 υἱοὺς
1461 2014 1512 2056 δὲ

88 2088 291 2145 ποιήσεις
331 2089 422 2133 ἀπὸ
463 2092 554 2133 τῶν
592 2092 705 2134 υἱῶν
744 2092 821 2133 καὶ
863 2094 1140 2148 θυγατέρας·
1180 2089 1304 2141 υἱοὺς
1339 2091 1427 2146 μὲν
1455 2090 1510 2134 τὰ

89 2171 194 2211 θεῖα
244 2164 473 2224 νοήματα,
519 2167 597 2209 καὶ
641 2165 695 2211 τα
742 2164 976 2226 δόγματα·
1036 2170 1289 2227 θυγατέρας
1332 2169 1382 2212 δὲ
1434 2167 1511 2218 τὰς

87 2241 286 2301 πράξεις.

201 2318 318 2376 ,,Μὴ
335 2320 378 2376 ⁶)
419 2319 799 2366 ἁναπειθέτωσαν
842 2320 963 2379 ὑμᾶς
1008 2325 1051 2367 οἱ
1098 2321 1283 2380 μάντεις
1327 2321 1509 2383 ὑμῶν.“

207 2508 248 2563 ¹)
280 2509 299 2548 1
330 2507 517 2549 Timoth.
551 2509 582 2558 1,
611 2507 679 2551 20.

202 2579 246 2635 ²)
275 2579 518 2632 Legendum
548 2577 736 2619 videtur:
771 2580 860 2634 μὲν
884 2579 957 2636 μὴ
1001 2579 1167 2641 ποιήσῃ
1207 2586 1300 2625 κτλ.
1335 2607 1386 2615 —-
1419 2582 1504 2625 Cfr.

89 2666 201 2706 seqq.
459 2648 501 2702 3)
531 2648 686 2689 Jerem.
721 2648 882 2700 XXIX,
911 2649 951 2693 6.

204 2719 247 2775 ⁴)
279 2719 364 2761 Cfr.
397 2719 494 2774 Sap.
527 2718 612 2759 Sal.
643 2718 762 2770 VIII,
790 2718 829 2762 2.
949 2721 991 2777 ⁵)
1023 2720 1149 2761 Prov.
1180 2719 1254 2771 IV,
1282 2721 1321 2764 6.
1352 2720 1392 2764 8.

208 2787 251 2845 ⁶)
280 2789 435 2830 Jerem.
467 2788 628 2839 XXIX,
656 2787 696 2832 8.
