<?xml version="1.0" encoding="UTF-8"?>
<!DOCTYPE html PUBLIC "-//W3C//DTD XHTML 1.0 Transitional//EN"
    "http://www.w3.org/TR/xhtml1/DTD/xhtml1-transitional.dtd">
<html xmlns="http://www.w3.org/1999/xhtml" xml:lang="en" lang="en">
 <head>
  <title>
</title>
<meta http-equiv="Content-Type" content="text/html;charset=utf-8" />
  <meta name='ocr-system' content='tesseract 3.04.00' />
  <meta name='ocr-capabilities' content='ocr_page ocr_carea ocr_par ocr_line ocrx_word'/>
</head>
<body>
  <div class='ocr_page' id='page_1' title='image "./operaomniaquaegr15orig/operaomniaquaegr15orig_0428.png"; bbox 0 0 1763 3112; ppageno 0'>
   <div class='ocr_carea' id='block_1_1' title="bbox 273 81 1265 128">
    <p class='ocr_par' dir='ltr' id='par_1_1' title="bbox 273 81 1265 128">
     <span class='ocr_line' id='line_1_1' title="bbox 273 81 1265 128; baseline -0.003 -1"><span class='ocrx_word' id='word_1_1' title='bbox 273 81 357 128; x_wconf 73' lang='lat'>414</span> <span class='ocrx_word' id='word_1_2' title='bbox 704 82 924 125; x_wconf 64' lang='lat' dir='ltr'>Onmsms</span> <span class='ocrx_word' id='word_1_3' title='bbox 955 94 1000 124; x_wconf 68' lang='lat' dir='ltr'>IN</span> <span class='ocrx_word' id='word_1_4' title='bbox 1028 81 1265 125; x_wconf 68' lang='lat' dir='ltr'>Jssnummm</span> 
     </span>
    </p>
   </div>
   <div class='ocr_carea' id='block_1_2' title="bbox 269 192 1701 2679">
    <p class='ocr_par' dir='ltr' id='par_1_2' title="bbox 272 192 1701 1334">
     <span class='ocr_line' id='line_1_2' title="bbox 274 192 1698 251; baseline -0.004 -13"><span class='ocrx_word' id='word_1_5' title='bbox 274 198 502 238; x_wconf 75' lang='lat' dir='ltr'>adventum</span> <span class='ocrx_word' id='word_1_6' title='bbox 531 195 710 237; x_wconf 74' lang='lat' dir='ltr'>Domini</span> <span class='ocrx_word' id='word_1_7' title='bbox 740 197 825 237; x_wconf 84' lang='lat' dir='ltr'>mei</span> <span class='ocrx_word' id='word_1_8' title='bbox 851 196 950 237; x_wconf 89' lang='lat' dir='ltr'>Jesu</span> <span class='ocrx_word' id='word_1_9' title='bbox 981 194 1158 244; x_wconf 84' lang='lat' dir='ltr'>Christi,</span> <span class='ocrx_word' id='word_1_10' title='bbox 1206 205 1247 234; x_wconf 87' lang='lat' dir='ltr'>et</span> <span class='ocrx_word' id='word_1_11' title='bbox 1287 193 1439 234; x_wconf 86' lang='lat' dir='ltr'>videris</span> <span class='ocrx_word' id='word_1_12' title='bbox 1480 192 1566 251; x_wconf 80' lang='lat' dir='ltr'>ejus</span> <span class='ocrx_word' id='word_1_13' title='bbox 1611 207 1698 233; x_wconf 79' lang='lat' dir='ltr'>ma-</span> 
     </span>
     <span class='ocr_line' id='line_1_3' title="bbox 273 271 1698 331; baseline -0.004 -15"><span class='ocrx_word' id='word_1_14' title='bbox 273 291 399 329; x_wconf 84' lang='lat' dir='ltr'>gnum</span> <span class='ocrx_word' id='word_1_15' title='bbox 434 291 553 331; x_wconf 90' lang='lat' dir='ltr'>opus,</span> <span class='ocrx_word' id='word_1_16' title='bbox 588 275 807 329; x_wconf 84' lang='lat' dir='ltr'>quomodo</span> <span class='ocrx_word' id='word_1_17' title='bbox 841 274 1096 314; x_wconf 82' lang='lat' dir='ltr'>subverterit</span> <span class='ocrx_word' id='word_1_18' title='bbox 1129 271 1269 312; x_wconf 87' lang='lat' dir='ltr'>omnia</span> <span class='ocrx_word' id='word_1_19' title='bbox 1301 271 1487 324; x_wconf 82' lang='lat' dir='ltr'>gentium</span> <span class='ocrx_word' id='word_1_20' title='bbox 1522 271 1572 311; x_wconf 90' lang='lat' dir='ltr'>de</span> <span class='ocrx_word' id='word_1_21' title='bbox 1605 271 1698 311; x_wconf 86' lang='lat' dir='ltr'>ido-</span> 
     </span>
     <span class='ocr_line' id='line_1_4' title="bbox 272 349 1698 407; baseline -0.005 -12"><span class='ocrx_word' id='word_1_22' title='bbox 272 353 323 395; x_wconf 87' lang='lat' dir='ltr'>lis</span> <span class='ocrx_word' id='word_1_23' title='bbox 356 355 563 407; x_wconf 80' lang='lat' dir='ltr'>dogmata,</span> <span class='ocrx_word' id='word_1_24' title='bbox 593 363 640 392; x_wconf 90' lang='lat' dir='ltr'>ut</span> <span class='ocrx_word' id='word_1_25' title='bbox 672 352 890 393; x_wconf 82' lang='lat' dir='ltr'>credentes</span> <span class='ocrx_word' id='word_1_26' title='bbox 923 352 972 391; x_wconf 88' lang='lat' dir='ltr'>dc</span> <span class='ocrx_word' id='word_1_27' title='bbox 1007 349 1160 390; x_wconf 84' lang='lat' dir='ltr'>erroris</span> <span class='ocrx_word' id='word_1_28' title='bbox 1193 349 1392 390; x_wconf 77' lang='lat' dir='ltr'>eximeret</span> <span class='ocrx_word' id='word_1_29' title='bbox 1423 349 1542 407; x_wconf 80' lang='lat' dir='ltr'>jugo,</span> <span class='ocrx_word' id='word_1_30' title='bbox 1575 349 1698 389; x_wconf 85' lang='lat' dir='ltr'>intel-</span> 
     </span>
     <span class='ocr_line' id='line_1_5' title="bbox 273 427 1697 488; baseline -0.005 -15"><span class='ocrx_word' id='word_1_31' title='bbox 273 433 400 486; x_wconf 82' lang='lat' dir='ltr'>liges,</span> <span class='ocrx_word' id='word_1_32' title='bbox 445 431 541 488; x_wconf 74' lang='lat' dir='ltr'>quia</span> <span class='ocrx_word' id='word_1_33' title='bbox 579 430 621 471; x_wconf 89' lang='lat' dir='ltr'>in</span> <span class='ocrx_word' id='word_1_34' title='bbox 660 442 855 486; x_wconf 83' lang='lat' dir='ltr'>tempore</span> <span class='ocrx_word' id='word_1_35' title='bbox 886 427 1090 486; x_wconf 78' lang='lat' dir='ltr'>passionis</span> <span class='ocrx_word' id='word_1_36' title='bbox 1134 427 1220 486; x_wconf 85' lang='lat' dir='ltr'>ejus</span> <span class='ocrx_word' id='word_1_37' title='bbox 1258 428 1451 486; x_wconf 65' lang='lat' dir='ltr'>Babylon</span> <span class='ocrx_word' id='word_1_38' title='bbox 1484 427 1697 482; x_wconf 84' lang='lat' dir='ltr'>extemplo</span> 
     </span>
     <span class='ocr_line' id='line_1_6' title="bbox 276 504 1698 562; baseline -0.005 -10"><span class='ocrx_word' id='word_1_39' title='bbox 276 510 450 562; x_wconf 71' lang='lat' dir='ltr'>corruit,</span> <span class='ocrx_word' id='word_1_40' title='bbox 486 521 525 549; x_wconf 84' lang='lat' dir='ltr'>et</span> <span class='ocrx_word' id='word_1_41' title='bbox 557 508 736 549; x_wconf 84' lang='lat' dir='ltr'>contrita</span> <span class='ocrx_word' id='word_1_42' title='bbox 769 519 842 549; x_wconf 84' lang='lat' dir='ltr'>est.</span> <span class='ocrx_word' id='word_1_43' title='bbox 903 505 1201 562; x_wconf 72' lang='lat' dir='ltr'>Unusquisque</span> <span class='ocrx_word' id='word_1_44' title='bbox 1233 518 1426 548; x_wconf 88' lang='lat' dir='ltr'>nostrum</span> <span class='ocrx_word' id='word_1_45' title='bbox 1459 504 1698 547; x_wconf 72' lang='lat' dir='ltr'><strong>consideret</strong></span> 
     </span>
     <span class='ocr_line' id='line_1_7' title="bbox 273 584 1697 644; baseline -0.004 -15"><span class='ocrx_word' id='word_1_46' title='bbox 273 606 315 629; x_wconf 89' lang='lat' dir='ltr'>se</span> <span class='ocrx_word' id='word_1_47' title='bbox 349 588 500 644; x_wconf 85' lang='lat' dir='ltr'>ipsum,</span> <span class='ocrx_word' id='word_1_48' title='bbox 534 598 573 627; x_wconf 82' lang='lat' dir='ltr'>et</span> <span class='ocrx_word' id='word_1_49' title='bbox 604 587 907 627; x_wconf 83' lang='lat' dir='ltr'>animadvertat</span> <span class='ocrx_word' id='word_1_50' title='bbox 937 585 1205 642; x_wconf 59' lang='lat' dir='ltr'>Babylonem</span> <span class='ocrx_word' id='word_1_51' title='bbox 1236 584 1277 626; x_wconf 87' lang='lat' dir='ltr'>in</span> <span class='ocrx_word' id='word_1_52' title='bbox 1310 601 1385 626; x_wconf 88' lang='lat' dir='ltr'>suo</span> <span class='ocrx_word' id='word_1_53' title='bbox 1403 596 1575 641; x_wconf 68' lang='lat' dir='ltr'>pectore</span> <span class='ocrx_word' id='word_1_54' title='bbox 1606 600 1697 624; x_wconf 77' lang='lat' dir='ltr'>cor-</span> 
     </span>
     <span class='ocr_line' id='line_1_8' title="bbox 273 662 1697 720; baseline -0.004 -12"><span class='ocrx_word' id='word_1_55' title='bbox 273 667 416 708; x_wconf 78' lang='lat' dir='ltr'>ruisse.</span> <span class='ocrx_word' id='word_1_56' title='bbox 487 664 533 707; x_wconf 84' lang='lat' dir='ltr'>Si</span> <span class='ocrx_word' id='word_1_57' title='bbox 565 676 706 705; x_wconf 89' lang='lat' dir='ltr'>autem</span> <span class='ocrx_word' id='word_1_58' title='bbox 740 676 781 705; x_wconf 90' lang='lat' dir='ltr'>et</span> <span class='ocrx_word' id='word_1_59' title='bbox 811 663 854 704; x_wconf 89' lang='lat' dir='ltr'>in</span> <span class='ocrx_word' id='word_1_60' title='bbox 886 662 1062 720; x_wconf 74' lang='lat' dir='ltr'>alicujus</span> <span class='ocrx_word' id='word_1_61' title='bbox 1095 664 1222 703; x_wconf 86' lang='lat' dir='ltr'>corde</span> <span class='ocrx_word' id='word_1_62' title='bbox 1253 680 1339 703; x_wconf 86' lang='lat' dir='ltr'>non</span> <span class='ocrx_word' id='word_1_63' title='bbox 1372 663 1523 705; x_wconf 89' lang='lat' dir='ltr'>cecidit</span> <span class='ocrx_word' id='word_1_64' title='bbox 1555 662 1697 704; x_wconf 78' lang='lat' dir='ltr'>civitas</span> 
     </span>
     <span class='ocr_line' id='line_1_9' title="bbox 275 740 1696 794; baseline -0.004 -7"><span class='ocrx_word' id='word_1_65' title='bbox 275 743 561 794; x_wconf 82' lang='lat' dir='ltr'>confusionis,</span> <span class='ocrx_word' id='word_1_66' title='bbox 614 742 711 783; x_wconf 86' lang='lat' dir='ltr'>huic</span> <span class='ocrx_word' id='word_1_67' title='bbox 758 741 945 784; x_wconf 85' lang='lat' dir='ltr'>Christus</span> <span class='ocrx_word' id='word_1_68' title='bbox 990 741 1173 782; x_wconf 86' lang='lat' dir='ltr'>necdum</span> <span class='ocrx_word' id='word_1_69' title='bbox 1218 741 1399 783; x_wconf 82' lang='lat' dir='ltr'>advenit.</span> <span class='ocrx_word' id='word_1_70' title='bbox 1491 740 1696 783; x_wconf 74' lang='lat' dir='ltr'><strong>Veniente</strong></span> 
     </span>
     <span class='ocr_line' id='line_1_10' title="bbox 274 820 1697 880; baseline -0.002 -17"><span class='ocrx_word' id='word_1_71' title='bbox 274 823 432 880; x_wconf 80' lang='lat' dir='ltr'>quippe</span> <span class='ocrx_word' id='word_1_72' title='bbox 475 838 548 872; x_wconf 86' lang='lat' dir='ltr'>eo,</span> <span class='ocrx_word' id='word_1_73' title='bbox 593 820 790 879; x_wconf 64' lang='lat' dir='ltr'>Babylon</span> <span class='ocrx_word' id='word_1_74' title='bbox 828 837 950 862; x_wconf 89' lang='lat' dir='ltr'>ruere</span> <span class='ocrx_word' id='word_1_75' title='bbox 992 820 1220 862; x_wconf 77' lang='lat' dir='ltr'>consuevit.</span> <span class='ocrx_word' id='word_1_76' title='bbox 1296 821 1481 877; x_wconf 82' lang='lat' dir='ltr'>Propter</span> <span class='ocrx_word' id='word_1_77' title='bbox 1526 821 1607 862; x_wconf 89' lang='lat' dir='ltr'>hoc</span> <span class='ocrx_word' id='word_1_78' title='bbox 1645 820 1697 860; x_wconf 90' lang='lat' dir='ltr'>ad</span> 
     </span>
     <span class='ocr_line' id='line_1_11' title="bbox 275 898 1696 956; baseline -0.003 -13"><span class='ocrx_word' id='word_1_79' title='bbox 275 902 515 943; x_wconf 83' lang='lat' dir='ltr'>orationum</span> <span class='ocrx_word' id='word_1_80' title='bbox 545 898 754 956; x_wconf 83' lang='lat' dir='ltr'>praesidia</span> <span class='ocrx_word' id='word_1_81' title='bbox 786 899 1095 952; x_wconf 71' lang='lat' dir='ltr'>confugientes,</span> <span class='ocrx_word' id='word_1_82' title='bbox 1140 898 1274 955; x_wconf 81' lang='lat' dir='ltr'>petite</span> <span class='ocrx_word' id='word_1_83' title='bbox 1317 910 1364 939; x_wconf 92' lang='lat' dir='ltr'>ut</span> <span class='ocrx_word' id='word_1_84' title='bbox 1394 898 1533 940; x_wconf 72' lang='lat' dir='ltr'>veniat</span> <span class='ocrx_word' id='word_1_85' title='bbox 1575 899 1696 939; x_wconf 85' lang='lat' dir='ltr'>Jesus</span> 
     </span>
     <span class='ocr_line' id='line_1_12' title="bbox 273 977 1695 1036; baseline -0.004 -14"><span class='ocrx_word' id='word_1_86' title='bbox 273 980 316 1022; x_wconf 91' lang='lat' dir='ltr'>in</span> <span class='ocrx_word' id='word_1_87' title='bbox 347 980 474 1021; x_wconf 87' lang='lat' dir='ltr'>corda</span> <span class='ocrx_word' id='word_1_88' title='bbox 505 990 661 1029; x_wconf 72' lang='lat' dir='ltr'>vestra,</span> <span class='ocrx_word' id='word_1_89' title='bbox 710 989 751 1019; x_wconf 89' lang='lat' dir='ltr'>et</span> <span class='ocrx_word' id='word_1_90' title='bbox 782 990 972 1019; x_wconf 84' lang='lat' dir='ltr'>conterat</span> <span class='ocrx_word' id='word_1_91' title='bbox 1001 977 1289 1036; x_wconf 64' lang='lat' dir='ltr'>Babylonem,</span> <span class='ocrx_word' id='word_1_92' title='bbox 1339 989 1379 1019; x_wconf 88' lang='lat' dir='ltr'>et</span> <span class='ocrx_word' id='word_1_93' title='bbox 1418 977 1542 1019; x_wconf 88' lang='lat' dir='ltr'>faciat</span> <span class='ocrx_word' id='word_1_94' title='bbox 1572 991 1695 1017; x_wconf 88' lang='lat' dir='ltr'>ruere</span> 
     </span>
     <span class='ocr_line' id='line_1_13' title="bbox 276 1055 1698 1115; baseline -0.002 -16"><span class='ocrx_word' id='word_1_95' title='bbox 276 1074 446 1099; x_wconf 89' lang='lat' dir='ltr'>omnem</span> <span class='ocrx_word' id='word_1_96' title='bbox 477 1056 683 1098; x_wconf 86' lang='lat' dir='ltr'>malitiam</span> <span class='ocrx_word' id='word_1_97' title='bbox 711 1056 822 1115; x_wconf 84' lang='lat' dir='ltr'>ejus,</span> <span class='ocrx_word' id='word_1_98' title='bbox 869 1068 909 1098; x_wconf 88' lang='lat' dir='ltr'>et</span> <span class='ocrx_word' id='word_1_99' title='bbox 938 1056 1179 1098; x_wconf 78' lang='lat' dir='ltr'>reaedificet</span> <span class='ocrx_word' id='word_1_100' title='bbox 1206 1073 1284 1113; x_wconf 89' lang='lat' dir='ltr'>pro</span> <span class='ocrx_word' id='word_1_101' title='bbox 1317 1055 1402 1107; x_wconf 85' lang='lat' dir='ltr'>his,</span> <span class='ocrx_word' id='word_1_102' title='bbox 1454 1072 1558 1112; x_wconf 88' lang='lat' dir='ltr'>quae</span> <span class='ocrx_word' id='word_1_103' title='bbox 1600 1056 1698 1096; x_wconf 87' lang='lat' dir='ltr'>sub-</span> 
     </span>
     <span class='ocr_line' id='line_1_14' title="bbox 273 1134 1697 1192; baseline -0.003 -14"><span class='ocrx_word' id='word_1_104' title='bbox 273 1153 392 1178; x_wconf 78' lang='lat' dir='ltr'>versa</span> <span class='ocrx_word' id='word_1_105' title='bbox 423 1147 530 1186; x_wconf 86' lang='lat' dir='ltr'>sunt,</span> <span class='ocrx_word' id='word_1_106' title='bbox 562 1151 640 1191; x_wconf 85' lang='lat' dir='ltr'>pro</span> <span class='ocrx_word' id='word_1_107' title='bbox 671 1134 905 1192; x_wconf 70' lang='lat' dir='ltr'>Babylone,</span> <span class='ocrx_word' id='word_1_108' title='bbox 939 1151 1044 1191; x_wconf 87' lang='lat' dir='ltr'>quae</span> <span class='ocrx_word' id='word_1_109' title='bbox 1076 1135 1212 1176; x_wconf 86' lang='lat' dir='ltr'>fuerat</span> <span class='ocrx_word' id='word_1_110' title='bbox 1243 1147 1335 1176; x_wconf 86' lang='lat' dir='ltr'>ante</span> <span class='ocrx_word' id='word_1_111' title='bbox 1373 1145 1623 1186; x_wconf 82' lang='lat' dir='ltr'>constructa,</span> <span class='ocrx_word' id='word_1_112' title='bbox 1654 1134 1697 1175; x_wconf 86' lang='lat' dir='ltr'>in</span> 
     </span>
     <span class='ocr_line' id='line_1_15' title="bbox 272 1211 1701 1271; baseline -0.001 -16"><span class='ocrx_word' id='word_1_113' title='bbox 272 1215 366 1271; x_wconf 85' lang='lat' dir='ltr'>ipso</span> <span class='ocrx_word' id='word_1_114' title='bbox 415 1211 642 1270; x_wconf 84' lang='lat' dir='ltr'>principali</span> <span class='ocrx_word' id='word_1_115' title='bbox 689 1212 827 1254; x_wconf 86' lang='lat' dir='ltr'>cordis</span> <span class='ocrx_word' id='word_1_116' title='bbox 869 1211 1022 1265; x_wconf 74' lang='lat' dir='ltr'>vestri,</span> <span class='ocrx_word' id='word_1_117' title='bbox 1064 1212 1301 1255; x_wconf 80' lang='lat' dir='ltr'>Jerusalem</span> <span class='ocrx_word' id='word_1_118' title='bbox 1349 1211 1561 1254; x_wconf 82' lang='lat' dir='ltr'>civitatem</span> <span class='ocrx_word' id='word_1_119' title='bbox 1611 1228 1701 1254; x_wconf 89' lang='lat' dir='ltr'>san-</span> 
     </span>
     <span class='ocr_line' id='line_1_16' title="bbox 274 1291 514 1334; baseline -0.008 0"><span class='ocrx_word' id='word_1_120' title='bbox 274 1304 383 1334; x_wconf 82' lang='lat' dir='ltr'>ctam</span> <span class='ocrx_word' id='word_1_121' title='bbox 416 1291 514 1333; x_wconf 90' lang='lat' dir='ltr'>Dei.</span> 
     </span>
    </p>

    <p class='ocr_par' dir='ltr' id='par_1_3' title="bbox 269 1367 1700 2679">
     <span class='ocr_line' id='line_1_17' title="bbox 388 1367 1699 1426; baseline -0.003 -13"><span class='ocrx_word' id='word_1_122' title='bbox 388 1370 453 1414; x_wconf 80' lang='lat'>12.</span> <span class='ocrx_word' id='word_1_123' title='bbox 485 1367 705 1422; x_wconf 71' lang='lat' dir='ltr'>„Plangite</span> <span class='ocrx_word' id='word_1_124' title='bbox 728 1369 764 1426; x_wconf 88' lang='lat'>¹)</span> <span class='ocrx_word' id='word_1_125' title='bbox 797 1385 909 1419; x_wconf 89' lang='lat' dir='ltr'>eam,</span> <span class='ocrx_word' id='word_1_126' title='bbox 952 1380 993 1410; x_wconf 91' lang='lat' dir='ltr'>et</span> <span class='ocrx_word' id='word_1_127' title='bbox 1037 1368 1216 1425; x_wconf 87' lang='lat' dir='ltr'>accipite</span> <span class='ocrx_word' id='word_1_128' title='bbox 1253 1367 1434 1410; x_wconf 92' lang='lat' dir='ltr'>resinam</span> <span class='ocrx_word' id='word_1_129' title='bbox 1466 1367 1699 1425; x_wconf 57' lang='lat' dir='ltr'>correptio*</span> 
     </span>
     <span class='ocr_line' id='line_1_18' title="bbox 272 1446 1699 1507; baseline -0.002 -17"><span class='ocrx_word' id='word_1_130' title='bbox 272 1448 336 1490; x_wconf 87' lang='lat' dir='ltr'>nis</span> <span class='ocrx_word' id='word_1_131' title='bbox 369 1446 469 1507; x_wconf 82' lang='lat' dir='ltr'>ejus,</span> <span class='ocrx_word' id='word_1_132' title='bbox 503 1448 537 1489; x_wconf 89' lang='lat' dir='ltr'>si</span> <span class='ocrx_word' id='word_1_133' title='bbox 569 1463 653 1504; x_wconf 90' lang='lat' dir='ltr'>quo</span> <span class='ocrx_word' id='word_1_134' title='bbox 684 1448 817 1488; x_wconf 89' lang='lat' dir='ltr'>modo</span> <span class='ocrx_word' id='word_1_135' title='bbox 850 1447 1107 1489; x_wconf 85' lang='lat' dir='ltr'>sanabitur.“</span> <span class='ocrx_word' id='word_1_136' title='bbox 1164 1446 1373 1501; x_wconf 85' lang='lat' dir='ltr'>Plangite‚</span> <span class='ocrx_word' id='word_1_137' title='bbox 1405 1446 1484 1498; x_wconf 83' lang='lat' dir='ltr'>ait,</span> <span class='ocrx_word' id='word_1_138' title='bbox 1513 1447 1699 1505; x_wconf 69' lang='lat' dir='ltr'>Babylo·³</span> 
     </span>
     <span class='ocr_line' id='line_1_19' title="bbox 272 1524 1700 1583; baseline 0 -16"><span class='ocrx_word' id='word_1_139' title='bbox 272 1542 382 1568; x_wconf 90' lang='lat' dir='ltr'>nem.</span> <span class='ocrx_word' id='word_1_140' title='bbox 443 1525 626 1577; x_wconf 87' lang='lat' dir='ltr'>Deinde,</span> <span class='ocrx_word' id='word_1_141' title='bbox 660 1526 756 1583; x_wconf 92' lang='lat' dir='ltr'>quia</span> <span class='ocrx_word' id='word_1_142' title='bbox 787 1524 923 1567; x_wconf 89' lang='lat' dir='ltr'>omnis</span> <span class='ocrx_word' id='word_1_143' title='bbox 953 1525 1091 1566; x_wconf 86' lang='lat' dir='ltr'>anima</span> <span class='ocrx_word' id='word_1_144' title='bbox 1119 1525 1311 1582; x_wconf 86' lang='lat' dir='ltr'>recipere</span> <span class='ocrx_word' id='word_1_145' title='bbox 1340 1537 1483 1583; x_wconf 88' lang='lat' dir='ltr'>potest</span> <span class='ocrx_word' id='word_1_146' title='bbox 1508 1525 1700 1576; x_wconf 83' lang='lat' dir='ltr'>salutem,</span> 
     </span>
     <span class='ocr_line' id='line_1_20' title="bbox 274 1603 1700 1661; baseline 0.001 -16"><span class='ocrx_word' id='word_1_147' title='bbox 274 1617 314 1646; x_wconf 89' lang='lat' dir='ltr'>et</span> <span class='ocrx_word' id='word_1_148' title='bbox 344 1620 484 1661; x_wconf 89' lang='lat' dir='ltr'>neque</span> <span class='ocrx_word' id='word_1_149' title='bbox 515 1620 600 1645; x_wconf 88' lang='lat' dir='ltr'>una</span> <span class='ocrx_word' id='word_1_150' title='bbox 630 1606 742 1661; x_wconf 85' lang='lat' dir='ltr'>apud</span> <span class='ocrx_word' id='word_1_151' title='bbox 772 1605 915 1645; x_wconf 89' lang='lat' dir='ltr'>Deum</span> <span class='ocrx_word' id='word_1_152' title='bbox 957 1615 1016 1645; x_wconf 89' lang='lat' dir='ltr'>est</span> <span class='ocrx_word' id='word_1_153' title='bbox 1054 1603 1315 1657; x_wconf 83' lang='lat' dir='ltr'>insanabilis,</span> <span class='ocrx_word' id='word_1_154' title='bbox 1362 1604 1521 1646; x_wconf 87' lang='lat' dir='ltr'>idcirco</span> <span class='ocrx_word' id='word_1_155' title='bbox 1565 1604 1700 1646; x_wconf 89' lang='lat' dir='ltr'>consi-</span> 
     </span>
     <span class='ocr_line' id='line_1_21' title="bbox 270 1682 1699 1740; baseline 0 -16"><span class='ocrx_word' id='word_1_156' title='bbox 270 1683 378 1724; x_wconf 86' lang='lat' dir='ltr'>lium</span> <span class='ocrx_word' id='word_1_157' title='bbox 409 1683 478 1724; x_wconf 90' lang='lat' dir='ltr'>dat</span> <span class='ocrx_word' id='word_1_158' title='bbox 508 1682 592 1734; x_wconf 89' lang='lat' dir='ltr'>his,</span> <span class='ocrx_word' id='word_1_159' title='bbox 635 1682 706 1740; x_wconf 85' lang='lat' dir='ltr'>qui</span> <span class='ocrx_word' id='word_1_160' title='bbox 749 1694 926 1739; x_wconf 83' lang='lat' dir='ltr'>possunt</span> <span class='ocrx_word' id='word_1_161' title='bbox 966 1682 1259 1736; x_wconf 82' lang='lat' dir='ltr'>transmigrare</span> <span class='ocrx_word' id='word_1_162' title='bbox 1299 1682 1343 1724; x_wconf 89' lang='lat' dir='ltr'>in</span> <span class='ocrx_word' id='word_1_163' title='bbox 1379 1683 1615 1726; x_wconf 80' lang='lat' dir='ltr'>Jerusalem</span> <span class='ocrx_word' id='word_1_164' title='bbox 1646 1684 1699 1724; x_wconf 87' lang='lat' dir='ltr'>ad</span> 
     </span>
     <span class='ocr_line' id='line_1_22' title="bbox 270 1759 1699 1818; baseline -0.001 -16"><span class='ocrx_word' id='word_1_165' title='bbox 270 1759 584 1810; x_wconf 84' lang='lat' dir='ltr'>testimonium,</span> <span class='ocrx_word' id='word_1_166' title='bbox 623 1761 779 1802; x_wconf 87' lang='lat' dir='ltr'>habere</span> <span class='ocrx_word' id='word_1_167' title='bbox 820 1760 1003 1802; x_wconf 82' lang='lat' dir='ltr'>resinam</span> <span class='ocrx_word' id='word_1_168' title='bbox 1042 1761 1095 1802; x_wconf 88' lang='lat' dir='ltr'>ad</span> <span class='ocrx_word' id='word_1_169' title='bbox 1135 1761 1360 1818; x_wconf 84' lang='lat' dir='ltr'>emplastra</span> <span class='ocrx_word' id='word_1_170' title='bbox 1399 1761 1611 1812; x_wconf 84' lang='lat' dir='ltr'>facienda,</span> <span class='ocrx_word' id='word_1_171' title='bbox 1651 1773 1699 1802; x_wconf 91' lang='lat' dir='ltr'>ut</span> 
     </span>
     <span class='ocr_line' id='line_1_23' title="bbox 271 1837 1697 1896; baseline -0.001 -15"><span class='ocrx_word' id='word_1_172' title='bbox 271 1851 481 1881; x_wconf 78' lang='lat' dir='ltr'>assumant</span> <span class='ocrx_word' id='word_1_173' title='bbox 511 1837 813 1889; x_wconf 85' lang='lat' dir='ltr'>medicamina,</span> <span class='ocrx_word' id='word_1_174' title='bbox 863 1850 904 1880; x_wconf 90' lang='lat' dir='ltr'>et</span> <span class='ocrx_word' id='word_1_175' title='bbox 944 1851 1100 1896; x_wconf 78' lang='lat' dir='ltr'>quanto</span> <span class='ocrx_word' id='word_1_176' title='bbox 1140 1840 1280 1882; x_wconf 81' lang='lat' dir='ltr'>valent</span> <span class='ocrx_word' id='word_1_177' title='bbox 1319 1840 1481 1890; x_wconf 86' lang='lat' dir='ltr'>studio,</span> <span class='ocrx_word' id='word_1_178' title='bbox 1531 1837 1697 1881; x_wconf 85' lang='lat' dir='ltr'>sanitati</span> 
     </span>
     <span class='ocr_line' id='line_1_24' title="bbox 270 1916 1698 1975; baseline -0.001 -15"><span class='ocrx_word' id='word_1_179' title='bbox 270 1917 491 1960; x_wconf 83' lang='lat' dir='ltr'>restituant</span> <span class='ocrx_word' id='word_1_180' title='bbox 518 1916 796 1975; x_wconf 71' lang='lat' dir='ltr'>Babylonem.</span> <span class='ocrx_word' id='word_1_181' title='bbox 843 1917 939 1958; x_wconf 90' lang='lat' dir='ltr'>Hoc</span> <span class='ocrx_word' id='word_1_182' title='bbox 968 1918 1232 1974; x_wconf 81' lang='lat' dir='ltr'>experiamur</span> <span class='ocrx_word' id='word_1_183' title='bbox 1264 1931 1305 1960; x_wconf 90' lang='lat' dir='ltr'>et</span> <span class='ocrx_word' id='word_1_184' title='bbox 1333 1935 1411 1959; x_wconf 88' lang='lat' dir='ltr'>nos</span> <span class='ocrx_word' id='word_1_185' title='bbox 1441 1919 1594 1968; x_wconf 81' lang='lat' dir='ltr'>facere,</span> <span class='ocrx_word' id='word_1_186' title='bbox 1625 1917 1698 1958; x_wconf 90' lang='lat' dir='ltr'>de-</span> 
     </span>
     <span class='ocr_line' id='line_1_25' title="bbox 270 1994 1695 2054; baseline -0.001 -16"><span class='ocrx_word' id='word_1_187' title='bbox 270 2008 489 2054; x_wconf 80' lang='lat' dir='ltr'>precantes</span> <span class='ocrx_word' id='word_1_188' title='bbox 518 1996 676 2046; x_wconf 80' lang='lat' dir='ltr'>Deum,</span> <span class='ocrx_word' id='word_1_189' title='bbox 706 2006 753 2036; x_wconf 93' lang='lat' dir='ltr'>ut</span> <span class='ocrx_word' id='word_1_190' title='bbox 785 1995 855 2036; x_wconf 87' lang='lat' dir='ltr'>det</span> <span class='ocrx_word' id='word_1_191' title='bbox 884 1994 1007 2035; x_wconf 89' lang='lat' dir='ltr'>nobis</span> <span class='ocrx_word' id='word_1_192' title='bbox 1030 1994 1210 2036; x_wconf 86' lang='lat' dir='ltr'>resinam</span> <span class='ocrx_word' id='word_1_193' title='bbox 1230 1994 1540 2047; x_wconf 85' lang='lat' dir='ltr'>rationabilem,</span> <span class='ocrx_word' id='word_1_194' title='bbox 1572 2006 1613 2036; x_wconf 89' lang='lat' dir='ltr'>et</span> <span class='ocrx_word' id='word_1_195' title='bbox 1644 1996 1695 2036; x_wconf 87' lang='lat' dir='ltr'>de</span> 
     </span>
     <span class='ocr_line' id='line_1_26' title="bbox 269 2072 1698 2130; baseline -0.002 -14"><span class='ocrx_word' id='word_1_196' title='bbox 269 2073 512 2116; x_wconf 86' lang='lat' dir='ltr'>rationabili</span> <span class='ocrx_word' id='word_1_197' title='bbox 537 2072 672 2130; x_wconf 83' lang='lat' dir='ltr'>resina</span> <span class='ocrx_word' id='word_1_198' title='bbox 703 2072 910 2114; x_wconf 87' lang='lat' dir='ltr'>discamus</span> <span class='ocrx_word' id='word_1_199' title='bbox 933 2073 971 2114; x_wconf 88' lang='lat' dir='ltr'>ei</span> <span class='ocrx_word' id='word_1_200' title='bbox 995 2073 1200 2126; x_wconf 81' lang='lat' dir='ltr'>malagma</span> <span class='ocrx_word' id='word_1_201' title='bbox 1227 2073 1462 2130; x_wconf 87' lang='lat' dir='ltr'>imponere,</span> <span class='ocrx_word' id='word_1_202' title='bbox 1495 2085 1535 2115; x_wconf 85' lang='lat' dir='ltr'>et</span> <span class='ocrx_word' id='word_1_203' title='bbox 1553 2074 1698 2115; x_wconf 91' lang='lat' dir='ltr'>oleum</span> 
     </span>
     <span class='ocr_line' id='line_1_27' title="bbox 271 2150 1697 2210; baseline 0 -17"><span class='ocrx_word' id='word_1_204' title='bbox 271 2163 314 2193; x_wconf 89' lang='lat' dir='ltr'>et</span> <span class='ocrx_word' id='word_1_205' title='bbox 345 2151 598 2205; x_wconf 85' lang='lat' dir='ltr'>alligaturas,</span> <span class='ocrx_word' id='word_1_206' title='bbox 630 2162 670 2192; x_wconf 88' lang='lat' dir='ltr'>et</span> <span class='ocrx_word' id='word_1_207' title='bbox 700 2151 967 2208; x_wconf 86' lang='lat' dir='ltr'>imponentes</span> <span class='ocrx_word' id='word_1_208' title='bbox 997 2150 1217 2204; x_wconf 84' lang='lat' dir='ltr'>alligemus</span> <span class='ocrx_word' id='word_1_209' title='bbox 1254 2152 1430 2193; x_wconf 69' lang='lat' dir='ltr'>vulnera</span> <span class='ocrx_word' id='word_1_210' title='bbox 1465 2151 1697 2210; x_wconf 68' lang='lat' dir='ltr'>Babylonis</span> 
     </span>
     <span class='ocr_line' id='line_1_28' title="bbox 270 2229 1699 2284; baseline -0.001 -12"><span class='ocrx_word' id='word_1_211' title='bbox 270 2230 482 2273; x_wconf 86' lang='lat' dir='ltr'>imitantes</span> <span class='ocrx_word' id='word_1_212' title='bbox 513 2229 837 2281; x_wconf 78' lang='lat' dir='ltr'>samaritanum,</span> <span class='ocrx_word' id='word_1_213' title='bbox 869 2242 911 2271; x_wconf 86' lang='lat' dir='ltr'>et</span> <span class='ocrx_word' id='word_1_214' title='bbox 939 2240 1106 2271; x_wconf 84' lang='lat' dir='ltr'>sanetur</span> <span class='ocrx_word' id='word_1_215' title='bbox 1144 2229 1296 2271; x_wconf 86' lang='lat' dir='ltr'>misera</span> <span class='ocrx_word' id='word_1_216' title='bbox 1337 2230 1506 2284; x_wconf 76' lang='lat' dir='ltr'>civitas,</span> <span class='ocrx_word' id='word_1_217' title='bbox 1549 2241 1590 2271; x_wconf 89' lang='lat' dir='ltr'>et</span> <span class='ocrx_word' id='word_1_218' title='bbox 1628 2247 1699 2272; x_wconf 91' lang='lat' dir='ltr'>cu-</span> 
     </span>
     <span class='ocr_line' id='line_1_29' title="bbox 273 2307 1697 2366; baseline -0.001 -15"><span class='ocrx_word' id='word_1_219' title='bbox 273 2320 362 2351; x_wconf 84' lang='lat' dir='ltr'>rata</span> <span class='ocrx_word' id='word_1_220' title='bbox 392 2308 555 2351; x_wconf 87' lang='lat' dir='ltr'>desinat</span> <span class='ocrx_word' id='word_1_221' title='bbox 582 2324 685 2361; x_wconf 89' lang='lat' dir='ltr'>esse,</span> <span class='ocrx_word' id='word_1_222' title='bbox 717 2309 832 2366; x_wconf 83' lang='lat' dir='ltr'>quod</span> <span class='ocrx_word' id='word_1_223' title='bbox 863 2309 1013 2352; x_wconf 80' lang='lat' dir='ltr'>fuerat.</span> <span class='ocrx_word' id='word_1_224' title='bbox 1071 2307 1190 2349; x_wconf 80' lang='lat' dir='ltr'>Istud</span> <span class='ocrx_word' id='word_1_225' title='bbox 1222 2320 1303 2359; x_wconf 87' lang='lat' dir='ltr'>est,</span> <span class='ocrx_word' id='word_1_226' title='bbox 1335 2308 1453 2365; x_wconf 87' lang='lat' dir='ltr'>quod</span> <span class='ocrx_word' id='word_1_227' title='bbox 1482 2307 1560 2360; x_wconf 86' lang='lat' dir='ltr'>ait,</span> <span class='ocrx_word' id='word_1_228' title='bbox 1590 2307 1697 2350; x_wconf 85' lang='lat' dir='ltr'>acci-</span> 
     </span>
     <span class='ocr_line' id='line_1_30' title="bbox 269 2382 1695 2444; baseline 0 -16"><span class='ocrx_word' id='word_1_229' title='bbox 269 2403 370 2444; x_wconf 85' lang='lat' dir='ltr'>pere</span> <span class='ocrx_word' id='word_1_230' title='bbox 396 2386 577 2428; x_wconf 84' lang='lat' dir='ltr'>resinam</span> <span class='ocrx_word' id='word_1_231' title='bbox 608 2385 887 2442; x_wconf 86' lang='lat' dir='ltr'>correptionis</span> <span class='ocrx_word' id='word_1_232' title='bbox 903 2385 945 2442; x_wconf 81' lang='lat'>2)</span> <span class='ocrx_word' id='word_1_233' title='bbox 979 2383 1086 2444; x_wconf 84' lang='lat' dir='ltr'>ejus,</span> <span class='ocrx_word' id='word_1_234' title='bbox 1118 2384 1152 2426; x_wconf 87' lang='lat' dir='ltr'>si</span> <span class='ocrx_word' id='word_1_235' title='bbox 1182 2401 1266 2443; x_wconf 89' lang='lat' dir='ltr'>quo</span> <span class='ocrx_word' id='word_1_236' title='bbox 1296 2385 1429 2427; x_wconf 83' lang='lat' dir='ltr'>modo</span> <span class='ocrx_word' id='word_1_237' title='bbox 1470 2382 1695 2428; x_wconf 83' lang='lat' dir='ltr'>sanabitur.</span> 
     </span>
     <span class='ocr_line' id='line_1_31' title="bbox 270 2458 1696 2521; baseline -0.001 -15"><span class='ocrx_word' id='word_1_238' title='bbox 270 2458 358 2506; x_wconf 85' lang='lat' dir='ltr'>Ubi</span> <span class='ocrx_word' id='word_1_239' title='bbox 388 2476 484 2506; x_wconf 86' lang='lat' dir='ltr'>sunt</span> <span class='ocrx_word' id='word_1_240' title='bbox 514 2463 744 2507; x_wconf 80' lang='lat' dir='ltr'>haeretici?</span> <span class='ocrx_word' id='word_1_241' title='bbox 800 2463 888 2504; x_wconf 87' lang='lat' dir='ltr'>Ubi</span> <span class='ocrx_word' id='word_1_242' title='bbox 923 2475 1040 2513; x_wconf 89' lang='lat' dir='ltr'>sunt,</span> <span class='ocrx_word' id='word_1_243' title='bbox 1088 2463 1160 2520; x_wconf 89' lang='lat' dir='ltr'>qui</span> <span class='ocrx_word' id='word_1_244' title='bbox 1196 2475 1362 2506; x_wconf 85' lang='lat' dir='ltr'>naturas</span> <span class='ocrx_word' id='word_1_245' title='bbox 1403 2464 1603 2521; x_wconf 87' lang='lat' dir='ltr'>quasdam</span> <span class='ocrx_word' id='word_1_246' title='bbox 1632 2463 1696 2505; x_wconf 88' lang='lat' dir='ltr'>in-</span> 
     </span>
     <span class='ocr_line' id='line_1_32' title="bbox 270 2541 1698 2599; baseline -0.001 -15"><span class='ocrx_word' id='word_1_247' title='bbox 270 2543 557 2595; x_wconf 86' lang='lat' dir='ltr'>troducentes,</span> <span class='ocrx_word' id='word_1_248' title='bbox 588 2554 776 2584; x_wconf 84' lang='lat' dir='ltr'>asserunt</span> <span class='ocrx_word' id='word_1_249' title='bbox 807 2557 894 2583; x_wconf 89' lang='lat' dir='ltr'>esse</span> <span class='ocrx_word' id='word_1_250' title='bbox 918 2553 1111 2583; x_wconf 84' lang='lat' dir='ltr'>naturam</span> <span class='ocrx_word' id='word_1_251' title='bbox 1133 2541 1457 2598; x_wconf 86' lang='lat' dir='ltr'>desperabilem,</span> <span class='ocrx_word' id='word_1_252' title='bbox 1488 2553 1593 2599; x_wconf 83' lang='lat' dir='ltr'>quae</span> <span class='ocrx_word' id='word_1_253' title='bbox 1622 2557 1698 2599; x_wconf 88' lang='lat' dir='ltr'>pe-</span> 
     </span>
     <span class='ocr_line' id='line_1_33' title="bbox 271 2619 1695 2679; baseline 0 -17"><span class='ocrx_word' id='word_1_254' title='bbox 271 2619 384 2663; x_wconf 84' lang='lat' dir='ltr'>nitus</span> <span class='ocrx_word' id='word_1_255' title='bbox 416 2638 504 2664; x_wconf 86' lang='lat' dir='ltr'>non</span> <span class='ocrx_word' id='word_1_256' title='bbox 534 2620 711 2677; x_wconf 83' lang='lat' dir='ltr'>recipiat</span> <span class='ocrx_word' id='word_1_257' title='bbox 740 2619 948 2662; x_wconf 85' lang='lat' dir='ltr'>salutem?</span> <span class='ocrx_word' id='word_1_258' title='bbox 1006 2619 1054 2663; x_wconf 89' lang='lat' dir='ltr'>Si</span> <span class='ocrx_word' id='word_1_259' title='bbox 1084 2632 1145 2662; x_wconf 85' lang='lat' dir='ltr'>est</span> <span class='ocrx_word' id='word_1_260' title='bbox 1182 2632 1352 2674; x_wconf 83' lang='lat' dir='ltr'>natura,</span> <span class='ocrx_word' id='word_1_261' title='bbox 1392 2635 1497 2678; x_wconf 86' lang='lat' dir='ltr'>quae</span> <span class='ocrx_word' id='word_1_262' title='bbox 1536 2629 1695 2679; x_wconf 83' lang='lat' dir='ltr'>pereat,</span> 
     </span>
    </p>
   </div>
   <div class='ocr_carea' id='block_1_3' title="bbox 389 2781 1296 2911">
    <p class='ocr_par' dir='ltr' id='par_1_4' title="bbox 389 2781 1296 2911">
     <span class='ocr_line' id='line_1_34' title="bbox 393 2781 786 2840; baseline -0.003 -16"><span class='ocrx_word' id='word_1_263' title='bbox 393 2781 436 2840; x_wconf 86' lang='lat'>¹)</span> <span class='ocrx_word' id='word_1_264' title='bbox 464 2781 620 2824; x_wconf 82' lang='lat' dir='ltr'>Jerem.</span> <span class='ocrx_word' id='word_1_265' title='bbox 646 2781 716 2833; x_wconf 82' lang='lat' dir='ltr'>LI,</span> <span class='ocrx_word' id='word_1_266' title='bbox 746 2782 786 2826; x_wconf 82' lang='lat'>8.</span> 
     </span>
     <span class='ocr_line' id='line_1_35' title="bbox 389 2850 1296 2911; baseline -0.002 -16"><span class='ocrx_word' id='word_1_267' title='bbox 389 2853 432 2911; x_wconf 85' lang='grc'>2)</span> <span class='ocrx_word' id='word_1_268' title='bbox 466 2851 576 2895; x_wconf 86' lang='lat' dir='ltr'>Edd.</span> <span class='ocrx_word' id='word_1_269' title='bbox 606 2852 668 2895; x_wconf 81' lang='grc' dir='ltr'>Μ.</span> <span class='ocrx_word' id='word_1_270' title='bbox 699 2850 781 2893; x_wconf 87' lang='lat' dir='ltr'>hoc</span> <span class='ocrx_word' id='word_1_271' title='bbox 811 2850 933 2893; x_wconf 78' lang='lat' dir='ltr'>loco:</span> <span class='ocrx_word' id='word_1_272' title='bbox 966 2850 1296 2908; x_wconf 79' lang='lat' dir='ltr'>„c01·reptioni.“</span> 
     </span>
    </p>
   </div>
  </div>
 </body>
</html>
