1763 3112
592 103 789 144 HOMmA
821 101 938 144 XIX.
1379 102 1462 147 383

48 215 148 272 δίᾳ;
178 212 274 258 Ἵνα
301 212 366 270 μὴ
396 215 490 269 εἰκῆ
512 215 551 271 ¹)
583 212 691 258 αὐτὸ
708 214 751 269 ²)
780 210 918 273 λάβῃ,
958 217 1076 257 θέλω
1110 211 1366 271 διαγράψαι
1397 221 1463 266 τίς

47 294 170 336 ἐστιν
200 291 222 334 ὁ
254 292 372 348 ἔχων
399 293 531 334 τοῦτο
568 294 660 349 πῦρ
691 292 740 334 ἐν
769 293 818 350 τῇ
850 292 1030 349 καρδίᾳ.
1081 289 1362 349 Λιάγραψόν
1380 310 1463 350 μοι

47 368 132 414 δύο
162 365 474 426 ἡμαρτηκότας
514 367 596 422 τὴν
635 367 776 423 αὐτὴν
815 370 876 424 τῷ
914 371 1035 425 γένει
1076 367 1330 427 ἁμαρτίαν,
1380 369 1463 424 τὴν

44 444 274 506 μιαραν3)
305 447 382 489 καὶ
411 444 494 500 τὴν
524 443 791 501 ἀκάθαρτον
819 449 1064 502 πορνείαν,
1103 450 1180 489 καὶ
1210 447 1260 490 ἒν
1288 445 1464 495 τούτοις

45 529 138 573 τοῖς
167 521 249 566 δύο
279 527 373 571 τοῖς
401 520 748 581 πεπορνευκόσι,
784 520 864 565 τὸν
893 523 980 577 μὲν
1008 522 1164 581 ἕτερον
1191 523 1254 580 μὴ
1285 523 1463 568 λυπού-

44 616 202 657 μενον,
233 600 351 658 μηδὲ
384 598 699 657 ὀδυνώμενον,
716 598 759 655 ⁴)
786 599 903 654 μηδὲ
931 598 1238 657 δακνόμενον,
1267 600 1382 644 ἀλλὰ
1413 602 1462 645 τὸ

46 681 285 734 εἰρημένον
316 678 367 720 ἐν
395 680 672 734 Παροιμίαις
695 679 800 733 περὶ
829 679 905 731 τῆς
932 674 1105 733 πόρνης
1133 677 1349 735 γυναικὸς
1367 678 1463 723 πά-

46 770 229 813 σχοντα,
259 752 353 807 ἥτις
382 752 464 797 ἐὰν
495 751 698 813 ,,πριι’ξῃ,
722 753 764 809 ⁵)
796 752 1152 811 ἀπονιψαμένη,
1183 755 1322 800 οὐδέν
1349 771 1463 814 φησι.

43 835 326 891 πεπραχέναι
370 826 596 875 ἷίτοπον.“
667 826 759 875 ’Ίδε
798 847 879 886 μοι
924 829 1007 873 τὸν
1048 831 1202 890 ἕτερον
1244 831 1358 888 μετὰ
1412 831 1462 875 τὰ

0 933 2 941 ν
44 912 209 966 πτῶμα
223 909 267 966 ⁶)
296 907 361 967 μὴ
393 906 654 965 δυνάμενον
684 911 873 964 στέγειν,
906 906 1020 950 ἀλλὰ
1051 906 1356 963 κολαζόμενον
1382 908 1464 964 τὴν

49 987 333 1040 συνείδησιν,
379 983 740 1040 βασανιζόμενον
784 982 866 1038 τὴν
905 973 1123 1042 καρδίαν,
1169 991 1341 1042 φαγεῖν
1387 990 1463 1029 καὶ

43 1069 168 1108 πιεῖν
197 1063 250 1107 οὐ
282 1060 557 1120 δυνάμενον,
592 1060 645 1104 οὐ
681 1065 824 1116 κρίσει
854 1060 1143 1117 νηστεύοντα,
1169 1061 1288 1106 cmo}
1318 1063 1463 1120 ἀλγη-

45 1139 149 1185 δόνι
177 1142 252 1195 τῆς
280 1143 538 1194 μετανοίας.
592 1136 878 1197 Διοίγραψόν
906 1156 989 1196 μοι
1020 1138 1100 1182 τὸν
1129 1143 1336 1184 τοιοῦτον
1354 1139 1464 1194 ὅλην

44 1217 126 1272 τὴν
152 1216 329 1276 ἡμέραν
359 1214 768 1274 σκυθρωπάζοντα,
807 1218 886 1258 καὶ
917 1215 1346 1273 καταπονούμενον,
1387 1222 1465 1261 καὶ

42 1293 380 1352 πορευόμενον,
418 1292 683 1350 ὠρυόμενον
721 1291 818 1337 ἀπὸ
864 1296 1123 1351 στεναγμοῦ
1163 1297 1239 1349 τῆς
1274 1296 1462 1353 καρδίας

45 1372 208 1427 αὐτοῦ,
247 1374 474 1426 βλέποντα
516 1368 654 1413 αὑτοῦ
696 1369 778 1425 τὴν
808 1368 1037 1427 ἁμαρτίαν
1075 1369 1273 1415 ἐνώπιον
1306 1369 1461 1427 αὑτοῦ,

45 1448 122 1492 διὰ
161 1447 332 1496 παντὸς
370 1449 636 1503 ἔμπροσθεν
674 1448 967 1503 ἓλέγχουσαν.
1025 1450 1120 1490 Καὶ
1158 1450 1228 1492 ἴδε
1257 1447 1338 1493 τὸν
1365 1466 1462 1493 τοι-

46 1527 183 1569 οὗτον
200 1524 280 1569 οὐκ
297 1526 373 1568 ἐπὶ
391 1530 506 1582 μίαν
526 1523 715 1583 ἡμέραν,
740 1525 845 1567 οὐδὲ
867 1525 942 1567 ἐπὶ
958 1530 1074 1583 μίαν
1093 1521 1246 1580 νύκτα,
1274 1525 1365 1568 ἀλλ’
1385 1526 1461 1569 ἐπὶ

39 1600 212 1662 χρόνον
241 1601 390 1645 πολὺν
417 1600 738 1661 κολαζόμενον.
804 1607 917 1645 Τίνα
948 1605 1038 1646 τῶν
1067 1599 1152 1646 δύο
1181 1608 1461 1661 προκρίνεις;

49 1683 164 1724 Τίνα
193 1682 335 1737 λέγεις
365 1680 552 1728 ἐλπίδας
581 1681 703 1736 ἔχειν
731 1678 857 1737 παρὰ
895 1683 1012 1737 θεῷ,·
1050 1672 1140 1738 Ἆρ’
1176 1681 1352 1725 ἐκεῖνον
1381 1679 1462 1725 τὸν

43 1755 375 1815 πορνεύσαντα,
407 1756 561 1815 καὶμὴ
580 1761 902 1815 φροντίσαντα,
935 1756 1026 1800 ἀλλ’
1057 1757 1370 1814 ἀπαλγοῦντα,
1402 1757 1462 1807 ὠς

42 1838 122 1878 καὶ
149 1831 414 1893 παραδόντα
446 1832 587 1878 αὐτὸν
617 1836 666 1895 τῇ
698 1833 936 1891 ἀσελγεία;
982 1830 1008 1889 ἢ
1046 1837 1209 1879 τοῦτον
1237 1833 1318 1879 τὸν
1345 1834 1459 1893 μετ-ἀ

162 2065 202 2122 ¹)
232 2065 286 2106 H.
308 2064 352 2106 in
375 2075 509 2106 textu:
540 2065 701 2116 ,,ἒκεΐ,“
732 2067 923 2119 admarg.
950 2082 1071 2107 vero:
1103 2066 1291 2116 „scribet
1323 2069 1460 2121 ,εἰκῆέι

159 2136 202 2192 ²)
232 2136 287 2177 H.
316 2135 360 2175 in
388 2145 526 2175 textu:
557 2136 772 2185 ,,ἔκεῖνο,“
811 2136 864 2176 ad
893 2152 1019 2189 marg.
1052 2152 1175 2178 vero:
1213 2137 1348 2187 „C0d.
1379 2139 1460 2178 Va-

43 2205 226 2247 ticanus:
259 2202 408 2247 αὐτό.“

159 2275 201 2332 ³)
234 2275 286 2316 H.
324 2275 378 2314 ad
412 2274 662 2328 marginem:
707 2276 842 2327 „Cod.
879 2276 1124 2318 Vaticanus:
1164 2276 1340 2335 μιαρὰν
1378 2275 1460 2332 τὴν

45 2344 337 2405 ἀκάθαρτον“
372 2348 465 2389 κτλ.

158 2416 202 2473 ¹²)
232 2414 287 2456 H.
318 2414 361 2456 in
386 2426 527 2456 textu:
557 2414 915 2476 ,,ὀδυνάμενον,“
945 2419 998 2459 ad
1019 2408 1147 2472 mai-g.
1167 2434 1290 2459 vero:
1323 2418 1457 2468 „God.

44 2485 286 2527 Vaticanus:
320 2484 657 2543 ὀδυνώμενον.“

159 2557 202 2613 ⁵)
234 2557 319 2599 Cfr.
349 2556 476 2597 Prov.
509 2556 649 2608 XXX,
678 2557 745 2601 20.

159 2626 205 2683 ⁶)
233 2626 285 2668 H.
316 2627 358 2667 in
389 2638 524 2667 textu:
557 2631 763 2685 ,,πω”μα,“
802 2629 856 2668 ad
884 2643 1012 2682 marg.
1044 2644 1166 2668 vero:
1210 2627 1347 2676 „Cod-
1378 2627 1458 2667 Va—

43 2695 223 2737 ticanus:
266 2699 482 2754 πτῶμα.“
549 2699 671 2739 Idem
709 2699 752 2740 in
789 2698 920 2739 notis:
959 2698 1233 2751 „legendum
1274 2699 1453 2752 πτῶμα.

0 2758 1 2765 ¹
45 2765 106 2806 Ita
137 2766 178 2808 in
216 2767 453 2809 Holmiensi
495 2768 602 2810 Cod.
641 2768 880 2811 Commeat.
920 2768 1036 2821 Orig.
1077 2769 1118 2809 in
1158 2768 1309 2809 Matth.
1340 2767 1452 2808 XVI.

0 2829 2 2862 ἱ
44 2834 273 2887 legebatur:
309 2843 367 2887 εἰς
401 2838 445 2881 τὸ
479 2843 554 2881 τοῦ
587 2838 801 2892 διαβόλου
833 2843 984 2893 πῶμα.
1023 2856 1119 2893 pro:
1158 2841 1364 2895 πτιῦμαὲ*
