1763 3112
244 63 338 108 248
673 66 892 109 Omossms
921 78 966 107 m
994 67 1018 106 J
1023 77 1229 107 Eassmmm

252 179 393 233 τομῆς
438 181 782 236 κεκρυμμένως,
845 179 894 222 ἐν
938 179 1119 233 κρυπτῷ
1178 175 1588 236 περιτμηθήσεται·
1650 177 1673 222 ὁ

253 251 433 297 ἀκούων
461 256 551 297 τῶν
581 258 686 313 περὶ
714 258 793 298 τοῦ
817 253 972 311 πάσχα
995 258 1444 310 νενομοθετημένων,
1476 270 1675 311 κεκρυμ-

251 333 399 386 μένως
428 331 569 375 ἐσθίει
601 332 692 376 ἀπὸ
725 336 803 376 τοῦ
842 330 1076 387 προβάτου
1109 335 1332 389 Χριστοῦ·
1395 329 1487 386 ,,τὸ
1510 331 1546 386 ¹)
1587 329 1678 387 γὰρ

307 404 317 417 Ι
459 406 468 419 1
528 410 547 419 ιι
678 406 686 418 Ι
952 405 960 417 Ι

253 422 410 463 π-ασχα
447 423 578 463 ημων
615 409 750 462 ἐτύθη
791 408 1046 465 Χριστος-,4ί

1118 411 1209 450 Καὶ
1249 407 1376 457 εἰδώς
1413 407 1491 461 τὴν
1532 405 1678 464 σάρκα

253 487 331 528 τοῦ
363 482 504 541 λόγου
536 482 673 528 ὁποία
707 487 815 539 ἐστὶ,
850 487 926 527 καὶ
957 482 1099 538 εἰδώς,
1136 482 1201 528 ὅτι
1234 482 1404 539 ἀληθής
1435 485 1522 527 ἐστι
1555 487 1676 540 βρῶ-

255 575 345 615 σις,
377 562 714 619 μεταλαμβάνει
739 559 922 616 ταύτης·
956 565 1276 616 κεκρυμμένως
1295 560 1384 618 γὰρ
1406 557 1568 615 ἤκουσε
1598 564 1678 604 τοῦ

255 636 425 695 πάσχα.
483 636 531 681 Ὁ
569 639 618 681 δὲ
657 637 854 694 πολύςῖ)
898 630 1027 687 οὗτος
1052 638 1268 688 Ἰουδαῖος
1311 637 1386 682 διὰ
1426 641 1558 681 τοῦτο
1599 636 1681 681 τὸν

256 713 414 772 κύριον
439 715 617 769 Ἰησοῦν
645 714 904 770 ἀπέκτεινε,
946 718 1023 758 καὶ
1053 716 1209 772 ἔνοχος
1247 719 1322 757 καὶ
1352 713 1557 774 σήμηρόν
1587 717 1679 758 ἔστι

255 795 315 848 τῷ
348 790 477 849 (φόνῳ
493 791 661 847 Ἰησοῦ,
695 794 795 836 ἐπεὶ
827 792 891 850 μὴ
924 797 1244 850 κεκρυμμένως
1271 790 1383 848 μήτε
1412 795 1489 836 τοῦ
1517 791 1677 848 νόμου,

252 867 364 924 μήτε
394 872 487 912 τῶν
515 872 767 928 προφητῶν
806 866 1012 922 ἤκουσεν.
1070 868 1180 912 Ἐὰν
1219 869 1530 929 ἀναγινώσκης
1571 872 1677 928 περὶ

254 949 347 989 τῶν
368 945 565 1005 ἀζύμων,
599 948 720 990 ἔστιν
749 947 942 991 ἀκοῦσαι
974 952 1307 1003 κεκρυμμένως,
1342 948 1464 990 ἔστιν
1486 947 1679 989 ἀκοῦσαι

258 1027 467 1081 ([ανερῶς
504 1027 578 1079 τῆς
596 1025 639 1081 3)
680 1026 871 1078 ἐντολῆς.
920 1022 1047 1067 εὈσοι
1087 1024 1138 1066 ἒν
1170 1021 1306 1082 ὑμῖν·
1338 1049 1390 1056 -
1421 1023 1558 1081 ἔγγὺς
1594 1021 1685 1080 γάρ

256 1100 350 1143 ἔστι
378 1099 426 1144 τὸ
458 1099 641 1158 πάσχα·
677 1125 728 1132 --
771 1100 917 1157 ι’ἱζυμα
950 1096 1103 1156 ι’ἒγετε,
1150 1098 1203 1142 τά
1245 1097 1390 1157 ἄζυμα
1425 1099 1482 1143 -τά
1522 1115 1682 1156 σωμα-

254 1175 377 1231 τικὰ,
422 1177 504 1221 οὐκ
544 1175 729 1223 ἀκούετε
767 1181 842 1232 τῆς
880 1175 1096 1234 λεγούσης
1137 1178 1339 1231 ἐντολῆς·
1400 1176 1580 1234 ,,ἒι“ιν4)
1618 1176 1681 1233 μῆ

257 1252 478 1310 ἀκούσητε
508 1259 840 1312 κεκρυμμένως,
873 1251 1112 1298 κλαύσεται
1142 1252 1167 1308 ἡ
1202 1252 1323 1310 ψυχὴ
1357 1253 1539 1312 ὑμῶν.“
1588 1258 1683 1297 Καὶ

256 1333 363 1388 περὶ
400 1330 630 1386 σαββάτου
673 1339 884 1389 γυναῖκες
920 1330 984 1390 μὴ
1017 1328 1271 1374 ἀκούσασαι
1309 1335 1388 1374 τοῦ
1425 1329 1681 1390 προᾳήτου,

257 1406 339 1450 οὐκ
379 1406 597 1452 ἀκούουσι
639 1413 982 1468 κεκρυμμένως,
1036 1406 1148 1450 ἀλλά
1196 1405 1413 1451 ἀκούουσι
1459 1412 1681 1466 φανερῶς.

261 1483 332 1527 Οὐ
355 1484 567 1529 λούονται
606 1484 688 1541 τὴν
727 1485 904 1544 ἡμέραν
946 1487 1026 1528 τοῦ
1068 1483 1320 1540 σαββάτου,
1362 1486 1687 1542 ἐπανέρχονται

257 1562 333 1604 ἐπὶ
380 1561 432 1605 τὰ
470 1560 630 1619 πτωχοὶ
670 1566 747 1606 καὶ
792 1563 963 1616 ἀσθενῆ
1015 1567 1239 1619 στοιχεῖα,
1288 1559 1347 1610 ὠς
1386 1565 1587 1620 Χριστοῦ
1622 1561 1686 1620 μὴ

258 1638 658 1696 ἕπεδεδημηκότος,
692 1643 770 1684 τοῦ
791 1643 1066 1689 τελειοῦντος
1086 1639 1220 1697 ἡμᾶς,
1253 1641 1330 1682 καὶ
1350 1639 1688 1696 διαβιβάζοντος

259 1713 350 1758 ἀπὸ
389 1718 481 1759 τῶν
519 1720 723 1772 νομικῶν
761 1723 999 1774 στοιχείων
1037 1718 1114 1760 ἐπὶ
1155 1715 1237 1771 τὴν
1275 1715 1575 1774 εὐαγγελικὴν
1612 1734 1687 1762 τε-

258 1789 476 1847 λειότητα.
536 1792 626 1836 Am}
667 1797 800 1838 τοῦτο
839 1798 1139 1854 προσέχωμεν
1179 1792 1569 1851 ἀναγινώσκοντες
1606 1794 1687 1839 τὸν

257 1867 407 1925 νόμον
436 1871 514 1912 καὶ
543 1867 646 1918 τούς
673 1868 934 1929 προφήτας,
975 1870 1155 1926 μήποτε
1185 1870 1494 1927 ὑποπέσωμεν
1523 1874 1578 1932 τῇ
1607 1875 1685 1917 λε-

258 1943 404 2007 γούσῃ
433 1951 721 2006 προφητείᾳ·
754 1945 928 2003 ,,ἔάν5)
957 1949 1007 1991 δὲ
1025 1945 1088 2003 μὴ
1111 1945 1333 2001 ἀκούσητε
1349 1951 1686 2007 κεκρυμμένως,

267 2021 510 2068 κλαύσεται
557 2021 584 2079 ἡ
632 2021 758 2081 ψυχὴ
804 2022 937 2081 ὑμῶν
953 2025 996 2080 ⁶)
1041 2022 1132 2068 ἀπὸ
1174 2020 1425 2081 προσώπου
1462 2022 1688 2083 ὕβρεως.κ

382 2183 714 2237 ¹>cfr.1(:0r
745 2184 797 2234 v,
828 2184 864 2227 7.

378 2253 421 2307 2)
452 2254 508 2294 H.
525 2254 579 2294 ad
607 2253 859 2306 marginem.
889 2253 1069 2304 „scribez
1101 2250 1421 2307 πολύοιρκτος,
1427 2258 1452 2276 “
1481 2251 1525 2292 in
1553 2252 1684 2294 notis:

262 2308 597 2378 „Hieronymus·
625 2317 679 2351 at
700 2323 805 2352 vero
834 2307 1107 2352 mz‘serabzlesss·
1127 2295 1351 2352 Judaeus:
1381 2308 1484 2364 quid
1514 2307 1549 2349 si
1578 2309 1688 2362 lega-

263 2381 378 2406 mus:
409 2364 769 2425 πολύοιρκτοςῖ“

382 2435 425 2491 ³)
456 2436 509 2476 H.
540 2447 582 2475 et
609 2437 659 2476 R.
690 2436 734 2476 in
763 2447 900 2477 textu:
960 2437 1069 2502 ,,τῆς
1111 2435 1293 2501 ἐντολῆς
1329 2432 1429 2479 ὅσοι
1467 2436 1517 2479 ἓν
1546 2433 1682 2491 ἡμῖν

261 2489 399 2547 ἐγγυς
427 2491 516 2548 γάρ
556 2492 649 2534 ἔστι
685 2492 734 2536 τὸ
771 2491 952 2557 πάσχα,
997 2488 1143 2546 ἄζυμα
1184 2488 1368 2549 ἄγεται,
1408 2509 1462 2534 τα
1502 2487 1684 2548 αζυμα“

263 2551 355 2589 κτλ.
370 2580 382 2602 ,
422 2533 554 2588 iidem
592 2559 731 2588 tamen
770 2548 815 2589 in
852 2548 988 2589 notis:
1031 2549 1171 2599 „haec
1208 2560 1379 2589 auctore
1406 2547 1683 2621 Hieronymo

265 2602 325 2643 sic
366 2602 659 2657 distinguenda
695 2616 810 2645 sunt:
869 2608 943 2659 τῆς
978 2607 1179 2674 εντολῆς.
1228 2602 1359 2648 εΌσοι
1400 2606 1450 2648 ἓν
1488 2603 1601 2660 ὑμῖν
1630 2629 1681 2636 -

263 2659 399 2717 ἐγγὺς
426 2658 517 2721 γάρ
548 2661 641 2704 ἔστι
657 2659 707 2704 τὸ
725 2658 953 2718 πάσχα-
971 2659 1116 2718 ἄζυμα
1143 2657 1288 2718 α’γετε,
1311 2659 1364 2704 τὰ
1393 2657 1676 2717 α’ζυμα“κτλ

382 2729 426 2786 4)
455 2731 610 2772 Jerem.
640 2730 767 2782 XIII,
800 2731 865 2775 17.
987 2732 1029 2788 ⁵)
1059 2732 1212 2772 Jerem.
1242 2731 1373 2781 XIII,
1405 2730 1469 2774 17.

378 2799 421 2856 ⁶)
452 2799 504 2842 H.
538 2812 580 2842 et
609 2801 661 2845 R.
690 2801 771 2843 hoc
801 2802 898 2843 loco
931 2817 1174 2859 perperam:
1207 2800 1428 2857 ,,η“μῶν.“
