1763 3112
646 78 849 120 HommA
877 78 1039 119 XVIII.
1477 79 1560 124 315

135 192 383 247 κατωτέρω.
405 189 444 244 “)
512 185 767 232 Διδτὶσκων
794 189 883 244 μὲν
915 193 1173 243 καταβαίνω
1205 192 1267 244 τῷ
1300 188 1442 248 λόγῳ,
1485 195 1562 235 ἵνα

137 268 220 310 ἴδω
252 266 306 310 τὰ
335 262 577 321 κατώτερα.
643 268 702 307 Εἰ
731 265 781 307 δὲ
812 264 866 307 τὰ
897 264 1099 321 ἀνώτερα
1140 264 1389 322 μανθάνω,
1437 269 1556 312 ἀνα-

135 350 278 401 βαίνω
311 347 371 399 τῷ
404 340 525 399 λόγῳ
556 343 631 385 ἐπὶ
661 341 717 385 τὰ
748 341 965 399 ἀνώτερα,
995 345 1073 385 ἵνα
1102 341 1344 401 θεάσωμαι
1369 343 1422 386 τὰ
1449 346 1556 390 ἐκεῖ.

127 420 224 464 Ἵνα
254 421 305 463 δὲ
332 418 514 473 πάντες,
547 417 660 462 κατὰ
699 418 749 462 τὸ
793 418 992 462 δυνατὸν
1030 419 1231 474 ἑαυτοῖς,
1263 424 1554 479 παρακολου-

136 493 374 550 θήσωσι2)
418 499 477 551 τῷ
523 499 778 554 λεγομένῳ,
814 495 1049 553 χρήσομαι
1097 498 1438 554 παραδείγματι
1483 504 1560 542 καὶ

136 571 228 615 ἀπὸ
261 575 336 626 τῆς
365 576 571 629 γραφῆς,
613 576 690 615 καὶ
728 572 842 629 πρὸς
880 578 941 630 τῷ
984 576 1324 632 παραδείγματι
1364 578 1439 618 καὶ
1470 591 1558 619 σα-

136 647 334 707 φήνειαν
370 647 755 706 προσᾴδουσαν3)
794 653 845 710 τῇ
886 653 1110 713 δεδομένῃ
1159 653 1374 711 ἑρμηνείᾳ
1406 671 1561 710 παρα-

136 724 299 779 στήσω.
361 726 474 784 ,,Ἐν
492 726 534 782 4)
575 730 636 783 τῷ
681 725 874 783 ὀνόματι
909 729 1053 784 Ἰησοῦ
1092 733 1190 772 πᾶν
1227 729 1345 787 γόνυ
1384 728 1562 787 κάμψει

136 805 439 861 ἐπουρανίων,
473 807 550 846 καὶ
580 805 814 861 ἐπιγείων,
847 808 923 848 καὶ
953 812 1293 863 καταχθονίων,
1327 811 1404 850 καὶ
1432 811 1561 852 πᾶσα

134 884 320 939 «γλῶσσα
352 880 756 939 ἐξομολογήσεται,
799 880 864 925 ὅτι
895 880 1049 939 κύριος
1073 883 1243 938 Ἰησοῦς
1274 883 1471 941 Χριστὸς
1501 889 1564 934 εἰς

135 956 278 1008 δόξαν
299 962 409 1003 θεοῦ
437 956 620 1015 πατρός.
639 960 680 1013 ⁵)
714 956 911 1015 Ἀμήνέἐς
945 954 1073 1002 ’Ἐστι
1102 960 1158 1003 δέ
1184 977 1248 1009 τις
1278 966 1423 1019 σοφία
1455 967 1562 1021 περὶ

137 1034 331 1079 ἑκάστου
362 1034 559 1079 τοτ’των·
601 1041 747 1094 σοφία
787 1039 894 1092 περὶ
923 1039 1015 1080 τῶν
1045 1036 1298 1093 οὐρανίων,
1329 1043 1427 1089 πῶς
1457 1042 1562 1084 δια-

135 1118 339 1158 τέτακται
386 1111 439 1156 τὰ
484 1109 700 1169 οὐράνια·
744 1118 888 1170 σοφία
936 1117 1043 1171 περὶ
1092 1117 1186 1158 τῶν
1223 1122 1560 1174 καταχθονίων,

137 1191 237 1234 ἐπεὶ
269 1195 412 1247 σοφία
441 1191 555 1233 θεοῦ
587 1191 679 1233 ἔστι
711 1193 788 1233 καὶ
819 1194 924 1248 περὶ
963 1193 1044 1243 τῆς
1082 1189 1327 1242 διατάξεως
1354 1197 1446 1238 τῶν
1474 1212 1562 1238 κα-

136 1273 413 1324 ταχθονίων,
448 1264 619 1322 ὁμοίως
647 1271 725 1310 καὶ
751 1271 857 1323 περὶ
887 1269 978 1310 τῶν
1001 1268 1232 1324 ἐπιγείων.
1279 1269 1392 1314 Ἐὰν
1411 1275 1560 1327 μέλλω

130 1350 303 1402 χωρεῖν
333 1342 415 1398 τὴν
457 1348 632 1401 σοφίαν
672 1343 754 1399 τὴν
791 1347 894 1401 περὶ
950 1347 1040 1387 τῶν
1086 1346 1396 1404 ἐπουρανίων,
1446 1348 1562 1392 ἀνα-

136 1426 279 1477 βαίνω
320 1421 396 1464 ἒπὶ
434 1418 487 1462 τὰ
527 1419 741 1480 οὐράνια,
795 1420 855 1471 ὠς
890 1424 1066 1477 ῘΗωσῆς
1111 1421 1444 1481 ἀναβέβηκενθ)
1485 1427 1562 1469 ἐπὶ

137 1498 220 1553 τὴν
258 1495 468 1557 κορυφὴν
503 1501 582 1542 τοῦ
632 1496 788 1555 ὅρους,
842 1501 917 1542 ἵνα
972 1498 1168 1555 τῖκουστὴ
1207 1505 1392 1558 γένηται
1441 1503 1560 1561 αὐτῷ

135 1576 161 1630 ἠ
194 1573 328 1633 φωνὴ
360 1576 410 1617 ἐκ
440 1577 518 1618 τοῦ
539 1575 751 1632 οὐρανοῦ,
784 1575 898 1619 κατὰ
923 1575 972 1620 τὸ
996 1582 1336 1636 γεγραμμένον.
1371 1576 1561 1639 Ἔμελλε

137 1652 229 1711 γὰρ
259 1650 563 1696 διδάσκεσθαι
603 1656 806 1712 λατρείας
835 1654 1157 1712 ἐπουρανίους·
1199 1655 1334 1700 σκιὰν
1363 1656 1456 1716 γὰρ
1485 1661 1563 1701 καὶ

140 1729 400 1788 ὑπόδειγμα
419 1730 460 1786 ⁷)
490 1731 778 1788 ἐπουρανίων
806 1737 1068 1792 μυστηρίων
1098 1732 1148 1776 ἓν
1166 1737 1260 1782 τοῖς
1283 1731 1444 1790 νόμοις
1472 1740 1565 1784 τοῖς

258 1941 298 1996 ¹)
330 1940 386 1980 H.
416 1939 468 1979 ad
497 1954 646 1992 marg.‚
687 1940 737 1980 R.
771 1939 814 1979 in
844 1940 978 1980 notis:
1022 1940 1158 1990 „Cod.
1189 1941 1433 1985 Vaticanus:
1476 1962 1562 1987 κα-

136 2000 391 2053 τωτέρων.“
1336 2000 1338 2003 ’

256 2068 300 2122 2)
331 2066 386 2107 H.
417 2065 460 2106 in
488 2076 630 2106 textu:
671 2065 1192 2121 ,,παρακολου3ησητε,“
1223 2069 1275 2109 ad
1306 2071 1560 2123 marginem:

141 2124 276 2175 „Cod.
307 2122 553 2164 Vaticanus.
583 2139 756 2164 παοακ
757 2123 1042 2175 λοιθήσωσι.
1049 2130 1073 2147 “
1113 2125 1206 2166 R.
1195 2141 1238 2165 m
1265 2135 1406 2167 texta:
1439 2146 1562 2177 „na-

141 2177 574 2236 ρακολουθήσωσι,“
615 2178 659 2218 in
687 2178 820 2220 notis:
853 2180 988 2230 „Cod.
1020 2181 1319 2223 Scorialensis:
1351 2201 1563 2227 παρακο-

140 2237 405 2289 λουθήσητε.
412 2241 437 2259 “

259 2306 300 2360 ³)
333 2305 385 2346 H.
427 2317 468 2345 et
506 2305 558 2346 R
594 2304 636 2345 in
667 2316 803 2346 textu:
844 2303 1203 2363 ,,προσάγουσαν
1242 2311 1290 2364 τῇ
1331 2311 1563 2377 δεομένη(

141 2364 232 2404 κτλ.
290 2361 342 2404 Η.
374 2373 515 2401 tamen
545 2362 597 2401 ad
625 2361 876 2414 marginem.
911 2351 1242 2414 „Ghislerius‚“
1273 2366 1324 2407 R.
1356 2366 1401 2407 in
1430 2379 1562 2409 notls:

143 2419 266 2470 „lego
301 2434 395 2458 cum
427 2417 664 2460 Ghislerio:
696 2434 844 2476 προσα
835 2418 1025 2461 ἷδουσαν
1055 2424 1103 2480 τῇ·
1139 2424 1398 2483 δεδοαὲινη“
1429 2431 1516 2467 κτλ

260 2489 303 2543 ⁴)
336 2486 422 2528 cfr.
452 2486 638 2543 Philipp.
670 2488 725 2538 11,
758 2488 822 2532 10.
855 2489 919 2532 11.

264 2557 305 2612 5)
336 2556 390 2596 H.
422 2555 537 2596 solus
566 2557 610 2596 in
647 2569 784 2598 textu:
826 2558 1038 2615 ,,πατ()ός.
1086 2557 1238 2603 'Ean
1229 2563 1257 2584 ‘
1288 2565 1379 2606 κτλ.
1443 2565 1561 2606 Idem

143 2625 281 2654 tamen
324 2614 377 2653 ad
421 2612 670 2664 marginem.
716 2615 853 2664 „Cod.
890 2616 1076 2658 Vatican.
1124 2617 1287 2674 (itemq.
1331 2621 1397 2663 ed.
1436 2622 1486 2663 R.
1519 2622 1562 2663 in

144 2672 305 2723 textu):
337 2667 520 2726 πατρός.
578 2667 734 2725 Ἀιιήν.
780 2668 908 2714 ’Ἐστι
938 2677 1030 2716 κτλ.

261 2740 304 2794 6)
339 2739 424 2780 Cfr.
455 2739 590 2781 Exod.
621 2740 779 2790 XXlV,
812 2741 876 2785 13

261 2810 305 2866 7)
333 2810 462 2851 Huet·
492 2824 738 2866 perperam:
769 2809 1110 2871 ,,ἇπόδειγμα.“
