1763 3112
0 410 5 453 f

0 505 4 521 Ι

644 79 844 120 ΗοΜηιΑ
871 77 967 117 ΧΧ.
1433 78 1512 122 391

101 202 310 240 conterar,
342 188 555 230 convictus
586 189 683 244 quia
711 205 796 228 non
825 205 916 229 sum
947 189 1135 229 adamas:
1174 204 1222 229 an
1254 200 1365 229 certe
1396 205 1517 231 verus

100 269 263 308 adamas
282 267 489 314 ostendar,
519 265 554 305 si
582 264 868 318 ingruentibus
896 265 1272 320 persecutionibus,
1302 266 1514 320 periculis,

99 343 420 391 tentationibus,
459 353 543 382 tam
574 342 778 382 contritus
807 343 928 382 fuero
960 343 1012 382 ad
1048 342 1155 383 ictus
1184 341 1351 392 mallei,
1389 358 1513 397 quam

96 421 308 475 probatus.
366 419 421 459 Et
453 430 498 458 tu
530 419 618 473 ipse
648 434 845 474 percurre
882 418 1141 474 Scripturas,
1181 431 1223 459 et
1261 434 1434 474 quaere,
1476 418 1511 459 si

46 520 49 522 ·
93 497 207 552 quod
238 508 359 551 potes
390 494 576 535 invenire
618 495 839 547 vestigium
877 495 984 535 bene
1024 511 1046 535 a
1075 496 1173 536 Deo
1203 494 1418 551 promitti,
1462 507 1507 537 ut

90 573 266 613 malleus
307 572 579 627 percutienda
615 572 833 627 percutiat.
906 572 1037 612 Verbi
1076 572 1202 624 gratia
1243 573 1401 612 dictum
1440 571 1505 612 sit.

90 650 157 690 Ad
197 648 514 700 intelligentiam
561 649 673 688 enim
711 648 1005 689 obscuriorum
1043 660 1264 690 sumuntur
1300 648 1506 703 exempla.

91 726 137 767 Si
164 725 340 765 malleus
378 742 464 765 non
502 736 630 775 esset,
676 742 760 765 non
803 737 909 765 esset
946 728 1048 766 tuba
1076 725 1352 781 productilis,
1398 741 1503 780 quae

89 801 199 857 juxta
228 803 384 852 Legem
416 802 470 842 ad
506 801 793 842 solemnitates
821 802 906 842 Dei
945 802 1145 852 excutiat,
1187 819 1293 858 quae
1332 801 1502 842 audien—

89 879 195 919 tium
225 878 387 919 animos
419 879 612 930 clangore
641 894 717 919 suo
749 878 940 919 accendit
960 879 998 933 ¹)
1029 880 1081 919 ad
1110 879 1285 919 bellum.
1354 881 1506 919 Neces-

87 954 215 996 sarius
246 966 307 995 est
336 955 534 1006 malleus,
572 967 620 996 ut
657 957 756 995 tuba
796 954 1048 1010 productilis
1078 955 1163 996 fiat.
1236 955 1375 996 Multa
1405 971 1505 996 coo-

86 1044 253 1087 peratus
285 1043 346 1071 est
374 1031 452 1071 iste
481 1032 658 1072 malleus
695 1032 820 1071 tubae
860 1032 1091 1086 productili
1121 1032 1280 1082 Paulo,
1321 1043 1369 1072 nt
1409 1049 1504 1072 eum

86 1125 162 1163 per
193 1107 303 1147 varia
331 1119 587 1149 tentamenta
615 1109 872 1164 produceret
901 1120 943 1149 et
967 1110 1235 1164 approbaret,
1266 1109 1363 1165 quia
1386 1109 1505 1149 illae-

85 1202 152 1226 sus
181 1196 323 1240 posset
353 1185 515 1236 excudi,
544 1186 803 1241 figuramque
835 1202 1042 1226 assumere
1071 1187 1198 1226 tubae
1224 1186 1503 1238 magnisonae,

84 1277 169 1302 non
198 1262 400 1303 incertam
438 1264 538 1303 dans
576 1269 725 1303 vocem
763 1262 807 1302 in
847 1262 1085 1313 audientes,
1126 1275 1173 1304 ut
1202 1275 1504 1318 praeparentur

85 1340 137 1379 ad
166 1339 343 1379 militiae
380 1339 555 1380 bellum.
614 1339 669 1379 Et
707 1339 908 1395 quoniam
944 1339 1121 1379 malleus
1162 1338 1373 1380 invenitur
1403 1356 1502 1380 eon-

84 1415 207 1457 traria
246 1415 480 1465 fortitudo,
519 1426 562 1456 et
599 1417 725 1456 draco
765 1415 881 1456 incus
921 1415 1225 1471 producibilis,
1262 1416 1502 1457 istiusmodi

81 1508 248 1547 semper
277 1492 320 1532 in
349 1491 579 1547 Scripturis
606 1492 788 1542 malleo,
833 1493 902 1533 vel
933 1509 1181 1548 quacunque
1219 1492 1301 1533 alia
1329 1493 1501 1533 materia

84 1569 369 1625 compositum
397 1586 552 1610 nomen
583 1585 817 1619 assumens,
856 1570 1021 1610 instabo
1061 1586 1266 1610 sermone.
1338 1570 1441 1611 Cain
1458 1572 1501 1625 2)

82 1646 293 1699 generavit
320 1646 453 1697 filios,
493 1660 534 1687 et
573 1649 624 1687 de
657 1647 761 1687 Cain
794 1658 908 1686 ortus
941 1658 1003 1686 est
1032 1647 1151 1686 faber
1179 1646 1285 1686 aeris
1315 1658 1355 1687 et
1386 1647 1499 1688 ferri.

81 1726 193 1777 Ergo
225 1735 271 1764 ut
300 1725 495 1773 zabulus,
534 1723 605 1779 qui
646 1722 837 1764 omnium
873 1723 1153 1764 tentationum
1196 1735 1398 1779 operator
1427 1735 1501 1773 est,

80 1802 257 1841 malleus
275 1800 441 1851 dicitur,
471 1801 527 1841 ita
558 1800 630 1856 qui
652 1800 872 1850 ministrat,
902 1801 1127 1841 malleator
1157 1812 1218 1840 est
1247 1800 1359 1840 filius
1384 1800 1498 1842 Cain.

83 1877 432 1932 Quotiescunque
486 1878 597 1917 enim
645 1878 688 1917 in
735 1877 1012 1917 tentationem
1039 1877 1081 1932 3)
1133 1876 1351 1927 incideris,
1395 1878 1499 1918 scito

79 1957 281 1996 malleum
313 1955 531 1995 diabolum
561 1970 670 2004 esse,
708 1965 751 1995 et
786 1954 1080 1995 malleatorem
1111 1971 1230 2004 eum,
1267 1971 1345 2010 per
1375 1971 1501 2011 quem

79 2045 120 2073 te
138 2032 178 2088 ⁴)
222 2032 393 2073 zabulus
425 2030 669 2086 insequitur.
737 2032 866 2071 Velut
905 2031 946 2071 in
984 2031 1229 2087 proditione
1272 2032 1501 2073 Salvatoris

81 2110 257 2150 malleus
293 2110 488 2158 zabulus,
531 2108 753 2149 malleator
792 2109 921 2149 Judas
959 2108 1051 2148 fuit.
1126 2109 1183 2149 Et
1221 2108 1346 2148 multi
1385 2120 1499 2148 erant

82 2187 348 2226 malleatores
393 2186 436 2225 in
477 2197 670 2240 tempore
716 2185 818 2235 illo,
864 2201 947 2240 quo
994 2185 1205 2226 Dominus
1243 2201 1385 2240 passus
1424 2197 1498 2235 est,

82 2265 329 2304 clamantes:
371 2262 503 2312 „tolle
522 2262 562 2317 ⁵)
601 2263 652 2302 de
691 2274 804 2303 terra
842 2263 993 2303 talem:
1040 2262 1258 2314 crucifige,
1303 2261 1498 2314 crucifige

80 2341 236 2385 eum!“
284 2339 440 2381 Omnia
469 2339 784 2380 malleatoribus
814 2340 941 2395 plena
969 2350 1075 2381 sunt.
1131 2338 1359 2395 Quotquot
1388 2339 1499 2380 enim

83 2419 125 2459 in
156 2430 251 2458 actu
281 2433 356 2458 suo
388 2416 585 2457 zabulum
614 2416 866 2472 suscipiunt,
907 2428 948 2457 et
979 2416 1215 2457 ministrant
1245 2416 1284 2456 ei
1314 2417 1366 2457 ad
1399 2433 1498 2472 pro-

82 2496 266 2535 bandum
305 2494 483 2550 justum,
523 2505 563 2533 et
599 2491 799 2549 injustum
838 2494 1172 2546 coarguendum,
1212 2510 1359 2535 omnes
1400 2495 1502 2535 mal>

202 2667 240 2722 ¹)
272 2667 380 2707 Edd.
412 2668 471 2708 M.
506 2668 770 2716 ‚,acccndat.‘⁸
890 2670 932 2723 ὰ’)
964 2668 1049 2710 Csr.
1083 2668 1189 2708 Gen.
1227 2668 1294 2707 lv.

199 2734 242 2791 3)
273 2737 381 2778 Edd.
413 2737 473 2777 M.
506 2737 805 2786 „tentationc.“
929 2738 969 2790 4)
1002 2738 1107 2779 Edd.
1143 2738 1204 2779 M.
1239 2746 1347 2786 „et.“

202 2807 242 2860 ᾖ)
275 2806 358 2847 Cfr.
395 2824 454 2848 ev,
487 2808 637 2848 Joann.
669 2807 788 2853 XIX.
830 2807 892 2851 15.
