1734 3112
654 106 795 148 mez
825 106 904 148 III.
1436 107 1488 150 47

73 232 114 263 et
155 236 312 262 cervus.
370 217 595 271 Egregium
630 234 732 260 vero
774 219 876 276 quid
913 231 1061 261 xxvm.
1087 218 1295 275 psalmus,
1332 221 1405 262 ubi
1438 223 1488 263 de

72 298 295 340 virtutibus
332 307 374 338 et
404 296 590 337 efficacia
619 296 733 338 vocis
765 297 849 338 Dei
888 313 967 354 per
998 296 1192 338 ordinem
1229 297 1393 350 scribit,
1438 301 1490 340 de

73 393 198 419 cervo
242 376 323 417 hoc
351 374 483 415 modo
515 373 635 415 dicit:
684 375 858 429 ‚‚vox¹)
890 374 1069 416 Domini
1108 374 1365 431 perficientis
1407 392 1491 415 ccr-

73 460 207 506 vos,“
236 454 280 494 id
311 463 386 504 est,
415 453 627 509 perfectos
657 452 848 494 facientis
880 469 1040 504 cervos,
1072 464 1112 494 et
1143 453 1373 504 „revelabit
1393 469 1490 493 con-

73 532 238 575 densa.“
299 531 417 573 Sicut
447 532 560 573 enim
590 547 671 572 vox
699 530 878 572 Domini
908 531 1159 572 intercidere
1192 531 1346 573 dicitur
1376 531 1486 573 flam-

71 627 183 651 mam
210 609 330 663 ignis,
361 620 403 650 et
433 620 658 651 concutere
689 610 914 660 desertum,
943 609 1003 651 ita
1034 610 1239 667 perficere
1271 625 1415 651 cervos
1445 624 1491 652 ac

70 688 257 730 revelare
290 687 499 729 condensa
536 698 808 729 memoratur.
868 688 955 730 Sed
997 699 1038 729 et
1075 687 1120 729 in
1149 689 1235 730 ,Iob
1276 688 1327 729 de
1367 704 1490 730 cervo

70 763 128 808 ita
156 764 391 807 invenimus
422 764 592 817 referri,
630 766 704 807 uhi
735 764 947 808 Dominus
978 766 1030 807 ad
1058 766 1144 807 Joh
1174 782 1252 824 per
1279 766 1492 809 turbinem

71 843 248 900 loquens
287 855 329 885 et
365 844 546 895 nubem,
593 843 671 886 ait:
724 844 890 902 „aut²)
931 861 1029 899 ergo
1084 843 1312 886 observasti
1349 857 1492 902 partus

73 938 317 974 cervorum,
358 934 430 964 aut
458 920 688 965 numerasti
725 938 888 965 menses
931 939 1080 965 eorum
1118 922 1268 980 plenos
1307 923 1359 965 ad
1399 938 1495 980 par·

71 1010 184 1052 tum,
228 1001 399 1042 dolores
437 1012 578 1042 autem
620 1017 768 1042 eorum
809 999 992 1052 solvisti,
1038 1012 1110 1042 aut
1144 999 1314 1043 nutristi
1345 1017 1493 1043 eorum

70 1090 204 1130 natos,
235 1090 305 1120 aut
333 1079 420 1121 sine
453 1079 673 1122 doloribus
704 1091 847 1137 partus
879 1096 1027 1121 eorum
1058 1078 1255 1123 emittes?
1311 1080 1494 1121 Abrum-

71 1168 175 1213 pent
202 1157 281 1198 filii
313 1174 473 1209 eorum,
504 1169 546 1200 et
562 1157 960 1215 multiplicabuntur
984 1157 1028 1199 in
1049 1156 1288 1199 nativitate:
1322 1157 1493 1199 exibunt

74 1244 115 1275 et
143 1251 228 1276 non
246 1243 549 1278 revertentur.“
594 1235 671 1278 His
701 1235 963 1295 adjungenda
994 1246 1090 1277 sunt
1120 1233 1245 1277 etiam
1271 1233 1357 1286 illa,
1388 1251 1492 1291 quae

72 1310 115 1354 in
145 1312 386 1356 Proverbiis
416 1314 592 1368 legimus
622 1315 704 1357 hoc
733 1315 892 1356 modo:
924 1315 1166 1370 ‚,cervus³)
1201 1312 1493 1365 amicitiarum,

72 1401 113 1432 et
142 1391 285 1448 pullus
314 1391 539 1445 gratiarum
569 1392 760 1449 loquitur
788 1392 908 1433 tibi.“
947 1392 1064 1433 Haec
1094 1389 1262 1433 interim
1293 1390 1345 1432 ad
1373 1407 1494 1447 prae-

74 1485 167 1510 sens
197 1470 250 1511 de
289 1482 413 1511 cervo
451 1469 574 1512 nobis
611 1469 768 1526 scripta
805 1485 1027 1511 occurrere
1067 1479 1309 1526 potuerunt.
1372 1466 1493 1521 Quae

74 1546 130 1587 ob
159 1546 241 1588 hoc
272 1547 559 1599 assumimus,
600 1559 648 1588 ut
685 1548 912 1604 loquamur
939 1563 1026 1589 non
1055 1546 1101 1588 in
1131 1545 1321 1588 doctrina
1350 1545 1496 1586 huma-

74 1639 151 1665 nae
182 1624 431 1681 sapientiae,
470 1626 544 1667 sed
575 1625 619 1666 in
644 1625 836 1667 doctrina
867 1623 1057 1683 spiritus,
1089 1623 1323 1681 spiritualia
1339 1623 1380 1680 ⁴)
1411 1623 1495 1679 spi-

74 1699 294 1743 ritualibus
345 1715 648 1759 comparantes.
716 1703 783 1745 Ed
821 1703 920 1744 ideo
959 1701 1205 1743 invocemus
1236 1701 1387 1754 ‚Deum
1423 1717 1496 1757 pa·-

74 1790 182 1821 trem
211 1779 352 1832 verbi,
389 1781 507 1837 quod
537 1782 660 1823 nobis
689 1781 808 1823 verbi
838 1780 901 1823 sui
930 1781 1169 1823 manifestet
1199 1795 1366 1831 arcana,
1405 1793 1496 1820 sen-

74 1873 250 1915 sumque
278 1870 468 1901 nostrum
498 1871 715 1902 removeat
745 1875 768 1901 a
798 1858 991 1901 doctrina
1019 1859 1224 1900 humanae
1254 1857 1497 1915 sapientiae,

76 1946 119 1978 et
148 1936 302 1978 exaltet
330 1947 455 1994 atque
485 1938 622 1980 elevet
651 1939 704 1980 ad
735 1937 971 1980 doctrinam
1001 1937 1193 1995 spiritus,
1231 1947 1279 1978 ut
1317 1951 1405 1978 non
1436 1951 1496 1987 ea,

75 2029 180 2071 quae
210 2013 335 2056 sentit
365 2014 541 2057 carnalis
569 2015 757 2067 auditus,
787 2016 863 2058 sed
893 2031 962 2067 ea,
993 2031 1099 2073 quae
1130 2014 1318 2056 continet
1346 2014 1496 2055 volun-

75 2102 136 2133 tas
152 2092 335 2149 Spiritus
364 2092 508 2145 sancti,
539 2094 776 2150 loquamur.
819 2094 1034 2150 Paulus⁵)
1065 2093 1283 2150 apostolus
1314 2108 1392 2134 nos
1421 2092 1498 2132 do-

80 2181 159 2221 cet,
189 2171 305 2227 quod
334 2170 560 2213 invisibilia
587 2171 673 2213 Dei
705 2188 752 2213 ex
769 2171 811 2230 ⁵)
841 2171 1077 2214 visibilibus
1108 2170 1417 2223 intelligantur,
1458 2179 1499 2210 et

83 2261 145 2298 ea,
173 2264 278 2304 quae
306 2265 394 2291 non
422 2249 641 2304 videntur,
674 2266 722 2293 ex
754 2265 922 2302 eorum,
955 2266 1061 2308 quae
1089 2248 1306 2300 videntur,
1337 2246 1499 2289 ratione

202 2458 242 2516 ¹)
273 2456 426 2502 Psalm.
454 2459 623 2515 XXIX,
654 2462 692 2508 9.
725 2462 970 2522 (xxvm.)

197 2529 242 2586 2)
273 2529 358 2572 cfr.
389 2529 485 2573 Joh.
515 2531 728 2586 XXXIX,
759 2533 900 2580 1—4.

199 2599 242 2658 3)
273 2599 399 2642 Prov-
429 2601 480 2654 V,
511 2602 577 2647 19.
606 2626 658 2634 —·
688 2605 798 2647 Edd.
829 2605 890 2647 M.
922 2603 1208 2660 ‚,loquatur.“

198 2671 242 2727 ⁴)
272 2670 379 2713 Edd.
411 2672 473 2714 M.
505 2675 827 2730 „spiritualibus
857 2673 1089 2732 spiritualia
1122 2675 1458 2728 comparantes.“

201 2740 244 2794 5)
275 2741 386 2783 Edd.
428 2742 489 2784 M.
532 2743 722 2795 „Paulus
761 2762 838 2787 nos
878 2744 1096 2802 apostolus
1136 2743 1295 2785 docem
1337 2753 1414 2781 etc.
1448 2762 1498 2770 —

87 2796 173 2842 Cfr.
204 2798 329 2840 Rom.
360 2799 403 2847 I,
432 2799 499 2843 20.

200 2868 244 2925 ⁶)
273 2868 351 2911 Ed.
383 2869 536 2913 Ruaei:
569 2887 653 2924 „ex
683 2869 1011 2914 invisibilibus.“
