1734 3112
678 95 818 136 Lmen
848 94 925 135 111,
1459 97 1514 141 27

99 213 162 262 lis,
195 211 291 268 quia
320 210 556 250 vulneratae
589 207 769 249 caritatis
798 222 873 260 ego
905 211 1039 251 sum.“
1086 207 1135 247 I'n
1163 222 1311 259 graeco
1343 208 1515 264 quidem

100 291 296 330 habetur:
325 286 597 338 „confirmate
619 285 658 342 ¹)
689 301 758 325 me
786 283 827 325 in
846 285 888 340 2)
921 284 1154 342 myrrhis:“
1183 283 1369 343 myrrhin
1389 302 1516 338 genus

104 368 314 425 quoddam
337 361 497 406 arboris
516 361 749 412 nominans,
781 363 897 417 quod
917 360 1055 403 Latini
1076 373 1271 418 putantes
1293 364 1459 421 myrrha
1474 365 1516 420 3)

104 445 284 493 dictum,
312 451 521 495 unguenta
550 438 811 495 interpretati
842 450 952 480 sunt.
1013 438 1146 492 Igitur
1176 440 1282 481 ordo
1313 441 1520 483 sermonis

103 519 344 579 hujusmodi
376 531 455 560 est:
487 528 634 575 postea
664 534 787 575 quam
818 533 970 574 sponsa
1002 528 1043 558 et
1065 518 1192 559 verba
1217 534 1263 559 ex
1290 534 1362 560 ore
1391 518 1521 575 ipsius

105 597 247 655 sponsi
277 595 448 647 audivit,
480 607 521 637 et
550 595 791 637 cubiculum
822 594 927 648 regis
955 594 1137 647 ingressa
1168 606 1241 647 est,
1273 607 1315 637 et
1346 596 1521 638 domum

103 675 189 717 vini
229 676 456 733 locumque
496 672 677 716 convivii
709 689 756 714 ac
794 672 1044 729 sapientiae,
1085 684 1126 714 et
1166 672 1208 714 in
1252 689 1302 715 eo
1333 673 1522 716 victimas

106 766 146 795 et
177 765 378 795 craterem
416 753 593 795 mixtum
634 750 900 793 sacramentis
942 749 1029 809 ejus
1070 751 1282 808 adspexit,
1325 753 1440 811 quasi
1481 752 1523 795 in

104 834 255 875 horum
296 832 484 873 omnium
523 830 801 872 admiratione
841 840 1034 885 stupens,
1082 841 1123 871 et
1159 830 1297 872 saucia
1337 832 1526 887 postulat

105 913 156 953 ab
187 911 287 968 ipsis
316 909 589 952 nihilominus
619 907 762 949 amicis
793 919 834 948 et
864 907 1079 949 sodalibus
1109 908 1269 965 sponsi,
1297 920 1345 951 ut
1376 910 1528 951 confir-

106 1001 244 1033 metur
259 988 324 1046 ⁴),
355 1000 396 1029 et
427 987 542 1045 quasi
573 986 771 1028 deficiens
802 998 1069 1038 sustentetur,
1098 986 1346 1028 incumbens
1375 988 1526 1044 paulu—

108 1068 196 1109 lum
214 1067 254 1123 ⁵)
302 1082 429 1123 super
471 1066 666 1106 arborem
682 1065 724 1120 ⁶)
765 1067 935 1124 μυῤῥὶν
984 1065 1054 1106 vel
1104 1064 1289 1106 meliam.
1357 1064 1528 1106 Amoris

109 1145 221 1187 enim
250 1145 423 1187 vulnere
453 1160 649 1201 percussa
686 1145 886 1185 arborum
926 1143 1096 1195 solatia,
1141 1143 1436 1202 sylvarumque
1467 1159 1531 1184 se-

111 1235 255 1265 ctatur.
315 1223 430 1264 Haec
459 1222 690 1264 secundum
719 1221 917 1264 litteram.
979 1222 1064 1264 Sed
1097 1239 1144 1263 ex
1175 1221 1251 1273 his,
1281 1232 1328 1263 ut
1360 1220 1530 1278 exsequi

108 1299 317 1359 possimus
346 1300 666 1353 intelligentiam
696 1300 982 1357 spiritualem,
1020 1299 1255 1352 indigemus
1284 1299 1357 1340 illa
1387 1298 1531 1351 gratia,

109 1395 235 1438 quam
266 1378 466 1435 consequi
495 1394 518 1419 a
546 1378 644 1419 Deo
675 1377 830 1419 meruit
858 1377 949 1434 ipse
971 1377 1192 1427 Salomon,
1224 1376 1295 1434 qui
1326 1376 1532 1428 omnium,

111 1475 215 1514 quae
258 1469 375 1507 sunt,
418 1456 609 1497 radicum
649 1466 690 1495 et
729 1455 928 1496 arborum
967 1466 1007 1495 et
1044 1454 1325 1508 virgultorum
1365 1466 1532 1496 naturas

113 1534 284 1585 didicit,
320 1546 367 1575 ut
395 1533 596 1575 sciremus
627 1544 668 1573 ct
697 1548 796 1582 n03,
836 1549 940 1588 quae
972 1531 1055 1583 vis,
1096 1545 1137 1575 et
1168 1550 1274 1590 quae
1304 1545 1452 1575 natura
1480 1532 1533 1573 sit

114 1613 272 1655 arboris
312 1612 502 1671 myrrhae
520 1612 586 1669 ⁷),
632 1628 716 1668 quo
765 1621 1056 1666 competenter
1096 1628 1143 1651 ex
1186 1612 1262 1654 hac
1304 1610 1536 1667 spiritualis

113 1691 245 1750 aptari
274 1690 407 1747 possit
439 1688 659 1745 expositio.
721 1687 816 1729 Hoc
846 1699 985 1730 autem
1018 1701 1092 1740 est,
1124 1690 1241 1746 quod
1271 1689 1410 1730 solum
1439 1704 1536 1744 per-

113 1769 254 1811 venire
286 1769 338 1810 ad
368 1784 446 1809 nos
478 1767 530 1807 de
560 1765 682 1823 hujus
712 1765 873 1807 arboris
911 1766 1064 1808 notitia
1093 1766 1259 1824 potuit,
1300 1767 1396 1826 quia
1428 1768 1535 1808 odo-

114 1864 203 1890 rem
234 1847 374 1888 solum
405 1847 557 1888 habeat
584 1860 768 1896 suavem,
798 1845 965 1887 nullum
993 1857 1136 1888 tamen
1157 1847 1307 1889 afferat
1338 1847 1535 1889 fructum.

114 2016 332 2065 Βοὺλεται
371 2016 462 2075 γὰρ
501 2014 525 2071 ἡ
569 2013 729 2074 νύμφη
774 2017 824 2059 ἐν
867 2017 1055 2066 πολλοῖς
1091 2020 1539 2076 περικεκυλισμένοις

114 2087 251 2144 αὐτὴν
280 2086 440 2146 μήλοις
469 2085 808 2133 ἀναπαύεσθαι.
845 2085 1024 2142 ‘'Auva,
1059 2085 1206 2144 οἶμαι,
1241 2088 1414 2148 καρπός
1445 2088 1539 2130 ἐστι

114 2164 190 2205 τοῦ
229 2157 377 2217 μήλου
417 2160 466 2203 ἓν
505 2164 596 2207 τοῖς
636 2154 784 2208 ξύλοις
822 2163 901 2201 τοῦ
941 2158 1145 2217 δρυμοῦ,
1190 2164 1421 2218 νυμφίου,
1463 2161 1539 2201 ἵνα

113 2234 187 2286 τῆς
216 2231 365 2275 αὐτῶν
403 2222 634 2289 μεταλάβῃ
672 2227 924 2285 ποιότητος.
985 2233 1266 2287 ,,Τε’τρωμαι
1305 2229 1396 2287 γὰρ
1428 2231 1539 2287 (μ’).-

115 2303 271 2360 ιρῳ,,“
312 2306 434 2360 φημὶ
462 2299 576 2346 κατὰ
605 2298 889 2358 Σύμμαχον,
920 2299 1017 2343 α’πό
1060 2303 1182 2356 ,,τοῦ
1216 2302 1428 2347 ἕκλεκτοῦ
1458 2303 1537 2356 {36¹-

117 2374 287 2427 λους,“
319 2372 431 2416 κατὰ
462 2372 541 2416 τὸν
567 2371 777 2416 Ἡσαΐαν.
839 2372 1020 2414 Ριιιειευς.

234 2445 273 2499 ¹)
307 2445 391 2487 Cfr.
426 2444 584 2487 Cantic.
615 2445 680 2494 II,
711 2443 749 2486 5.

232 2516 274 2571 2)
305 2515 414 2555 Edd.
435 2515 496 2557 Μ.
529 2514 597 2565 „in
618 2513 793 2573 amyris:
824 2529 1009 2572 amyram
1036 2531 1165 2568 genus
1196 2516 1444 2574 quoddam“
1463 2525 1543 2555 etc.

233 2588 274 2643 ³)
303 2586 413 2627 Edd.
444 2587 505 2627 M.
537 2585 836 2643 „myrrham.“

233 2657 274 2714 ⁴)
308 2656 417 2698 Edd.
449 2656 509 2697 M.
542 2687 566 2707 „
580 2656 919 2707 confirmaretur,
951 2668 994 2698 et
1025 2682 1077 2689 —
1107 2661 1461 2702 sustentaretur.“

235 2728 276 2783 5)
308 2727 387 2768 Ed.
417 2725 573 2769 Ruaei:
606 2727 793 2782 paulum.

234 2799 279 2853 ⁶)
309 2797 417 2839 Edd.
449 2796 510 2837 Μ.
541 2797 761 2854 „zimyram
792 2798 859 2839 vel
888 2798 1121 2842 meleam.“=

234 2868 275 2925 ⁷)
305 2868 413 2909 Edd.
446 2867 507 2908 M.
553 2873 801 2924 „an1yrae.“
