1734 3112
709 60 852 112 Lmen
884 61 960 102 III,
1499 66 1552 111 23

127 173 354 216 sororibus.
414 171 595 228 Propria
628 188 729 213 vero
762 173 946 229 quodam
979 185 1019 214 et
1059 187 1317 230 sequestrato
1339 178 1378 232 ¹)
1410 180 1460 220 ab
1491 180 1552 220 his

124 269 245 293 more
284 251 430 292 caritas
469 249 716 309 conjugibus
755 251 1000 292 exhibenda.
1060 252 1163 293 Post
1202 253 1273 293 has
1314 270 1413 294 vero
1455 273 1550 312 per-

124 346 244 371 sonas
271 345 353 386 pro
383 329 543 370 meritis
575 328 701 370 etiam
734 339 774 369 ct
804 328 933 370 causis
971 329 1200 387 unicuique
1240 331 1282 372 in
1323 332 1462 382 omni,
1501 346 1548 374 ut

124 407 322 456 diximus,
355 406 540 447 castitate
571 406 797 448 deferenda
828 406 1002 448 dilectio
1037 419 1108 448 est.
1170 408 1415 450 Secundum
1445 411 1545 451 haec

123 485 247 526 etiam
277 485 328 525 de
359 495 500 540 patre,
540 483 608 524 vel
638 484 787 534 fratre,
827 495 952 540 atque.
988 485 1080 526 aliis
1119 486 1371 543 propinquis
1403 489 1546 529 obser-

120 560 307 603 vavimus
321 561 377 618 2).
438 562 545 614 Erga
573 572 737 602 sanctos
769 578 884 613 vem,
917 562 989 619 qui
1020 579 1096 604 nos
1126 563 1170 605 in
1198 564 1365 606 Christo
1391 582 1544 618 genue-

117 651 226 690 runt,
255 639 329 680 sed
361 650 402 680 et
430 651 632 696 pastores,
663 650 788 696 atque
820 639 1058 698 episcopos,
1089 642 1158 683 vel
1190 642 1263 699 qui
1292 644 1425 685 verbo
1456 644 1541 685 Dei

116 729 312 774 praesunt
339 717 586 776 presbyteri,
617 729 688 759 aut
708 717 781 774 qui
810 720 919 760 bene
935 719 978 775 3)
1009 718 1247 761 ministrant
1275 719 1318 761 in
1351 721 1541 771 ecclesia,

115 796 184 836 vel
227 795 298 852 qui
336 794 379 837 in
420 795 503 836 fide
539 795 804 851 praecellunt
844 808 1044 846 ceteros,·
1077 798 1296 854 quomodo
1335 815 1422 839 non
1460 816 1538 855 pro

115 872 442 932 uniuscujusque
485 872 647 914 meritis
686 874 858 916 affectio
904 875 1149 932 pensabitur
1191 874 1371 917 caritatis
1415 876 1540 930 longe

114 951 387 1009 eminentior,
429 968 554 1008 quam
586 968 679 1005 erga
723 968 794 994 eos
824 953 970 995 haberi
1009 965 1172 1010 potest,
1215 953 1287 1010 qui
1327 965 1397 995 aut
1434 954 1539 995 nihil

113 1032 286 1080 horum,
328 1041 398 1070 aut
435 1046 523 1071 non
553 1029 714 1083 integre
748 1032 952 1084 egerunt?
1010 1032 1097 1074 Sed
1134 1043 1174 1073 et
1204 1031 1314 1072 inter
1343 1043 1538 1088 parentes

112 1109 258 1150 fideles
290 1119 330 1149 et
360 1107 566 1159 infideles,
599 1120 640 1149 et
671 1109 818 1150 fratres
849 1109 1009 1160 fideles,
1040 1126 1088 1150 ae
1116 1109 1322 1160 infideles,
1352 1126 1537 1152 sorores-

112 1202 206 1243 que,
234 1197 430 1242 potestne
459 1185 566 1236 fieri,
598 1198 644 1227 ut
672 1203 758 1228 non
792 1204 885 1240 erga
907 1188 984 1228 hos
1002 1186 1188 1240 singulos
1216 1188 1402 1229 diversus
1429 1190 1535 1230 ordo

111 1265 311 1306 habeatur
351 1263 561 1306 caritatis?
620 1264 735 1319 Quas
775 1265 1034 1307 diversitates
1072 1265 1238 1306 intuens
1278 1282 1452 1321 sponsa,
1496 1277 1536 1307 et

112 1342 256 1383 videns
297 1343 349 1382 de
391 1341 453 1382 his
485 1341 681 1382 omnibus
712 1343 874 1384 animae
916 1346 968 1385 ad
997 1344 1306 1400 perfectionem
1344 1344 1535 1384 tendenti

109 1419 382 1461 necessariam
399 1419 533 1459 videri
552 1419 769 1462 scientiam
796 1438 938 1463 earum
955 1439 1111 1473 rerum,
1142 1433 1189 1462 ut
1207 1420 1535 1479 uniuscujusque

109 1497 199 1538 loci
230 1508 270 1537 et
300 1496 459 1537 ordinis
488 1513 702 1538 mensuras
743 1499 878 1554 possit
916 1511 1061 1541 tenere
1094 1499 1298 1550 caritatis,
1338 1499 1441 1540 dicit
1481 1501 1532 1540 ad

113 1574 269 1615 amicos
299 1573 464 1630 sponsi,
499 1589 570 1614 eos
601 1575 823 1627 videlicet,
855 1578 926 1634 qui
957 1579 1133 1619 verbum
1163 1577 1248 1618 Dei
1277 1576 1532 1618 ministrant:

111 1652 337 1704 „ordinate
355 1651 397 1708 4)
435 1650 477 1691 in
514 1667 582 1692 me
614 1653 886 1695 caritatem:“
932 1655 1013 1696 hoc
1046 1666 1130 1705 est,
1173 1656 1325 1696 docete
1359 1672 1450 1705 me,
1492 1667 1529 1696 et

109 1730 259 1772 tradite
290 1730 415 1782 mihi,
457 1732 675 1789 quomodo
714 1749 792 1788 per
820 1733 922 1773 haec
952 1731 1112 1785 singula
1143 1732 1338 1774 ordinem
1366 1750 1531 1775 servare

106 1810 283 1851 debeam
315 1810 509 1853 caritatis.
571 1811 731 1852 Omnes
763 1810 874 1852 enim
910 1811 1125 1862 homines,
1168 1811 1276 1853 sicut
1314 1811 1397 1870 jam
1428 1812 1532 1853 dixi&

105 1905 211 1939 mus,
241 1890 471 1931 secundum
500 1890 605 1941 hoc,
635 1889 808 1947 qu0d5)
840 1889 999 1931 similes
1027 1889 1151 1931 nobis
1183 1902 1300 1941 sunt,
1338 1890 1533 1932 similiter

106 1967 309 2020 diligendi
346 1980 462 2010 sunt:
502 1969 589 2010 imo
634 1967 771 2010 omnis
809 1967 1071 2009 rationabilis
1104 1980 1291 2011 creatura
1333 1986 1355 2011 a
1392 1969 1529 2018 nobis,

106 2057 256 2102 utpote
300 2046 619 2090 rationabilibus
659 2046 890 2104 aequaliter
928 2046 1139 2099 diligenda
1180 2058 1252 2088 est.
1314 2047 1527 2106 Adjicien·

108 2125 207 2165 dum
236 2137 377 2167 tamen
405 2125 446 2168 in
479 2127 646 2168 caritate
663 2126 704 2183 6)
738 2137 799 2167 est
827 2125 1054 2182 unicuique
1086 2127 1139 2167 ad
1169 2126 1271 2177 hoc,
1304 2127 1523 2183 quomodo

108 2215 190 2255 est,
220 2216 262 2245 et
290 2207 342 2247 ad
373 2205 466 2256 hoc,
497 2207 613 2263 quod
643 2203 904 2246 rationabilis
938 2216 1019 2246 est:
1060 2204 1094 2246 si
1126 2204 1244 2246 verbi
1273 2204 1424 2258 gratia,
1456 2215 1527 2245 aut

109 2280 152 2322 in
178 2283 377 2335 moribus,
407 2295 478 2326 aut
501 2284 542 2327 in
563 2300 707 2341 opere,
737 2294 808 2326 aut
832 2283 875 2325 in
895 2282 1139 2340 ‘propositQ
1169 2294 1240 2325 aut
1268 2283 1311 2325 in
1340 2281 1526 2333 scientia,

228 2499 266 2555 ¹)
299 2499 407 2541 Edd.
438 2501 499 2542 M.
529 2500 884 2558 ‚‚sequestrari0.“

222 2568 264 2624 2)
295 2569 403 2610 Edd.
434 2570 495 2611 M.
528 2572 920 2621 ‚‚0bservabimus.“

224 2639 268 2696 3)
298 2638 408 2680 Edd.
439 2640 499 2682 M.
531 2642 718 2692 „beati.“
837 2642 878 2700 4)
911 2643 1067 2687 Cantic.
1098 2645 1166 2695 II,
1195 2643 1234 2686 4.

109 2764 136 2807 Γ
224 2711 265 2766 ⁵)
295 2709 404 2751 Edd.
435 2710 494 2752 M.
528 2713 680 2767 „quod
716 2712 894 2756 similes:
935 2726 977 2757 et
1013 2730 1061 2756 ex
1090 2713 1214 2756 nohis
1251 2723 1366 2762 sunt,
1408 2711 1520 2754 simi·

127 2773 242 2808 lter“
274 2777 351 2807 etc.

225 2837 266 2892 ⁶)
298 2836 406 2878 Edd.
438 2836 498 2878 M.
531 2837 736 2888 „caritate
767 2839 841 2882 hac
870 2840 1098 2897 unicuique
1128 2840 1182 2882 ad
1211 2839 1327 2881 hoe“
1359 2850 1436 2880 etc.
