1763 3112
668 56 866 96 ΗοΜιιιΑ
893 55 991 95 XII.
1461 54 1543 99 231

117 173 266 224 μεθα,
314 165 382 210 ὅτι
423 168 512 215 πᾶς
549 165 687 215 ἀσκὸς
731 163 1075 224 πληρωθήσεται
1122 166 1315 216 alvom-‘⁶
1362 167 1455 209 Καὶ
1494 167 1538 209 οἱ

119 241 501 301 ἀποκρινόμενοι,
546 244 624 287 ἐπὶ
670 246 749 288 τοῦ
787 244 922 304 ῥητοῦ
959 242 1162 296 ἑστῶτες,
1210 237 1353 284 ταῦτα’
1398 256 1529 298 φασι,

119 324 196 363 καὶ
224 324 435 377 λέγουσιν
464 321 724 376 ἐγνωκέναι,
760 317 826 363 ὅτι
855 319 1036 374 „nis-¹)
1069 316 1205 367 ἀσκὸς
1228 315 1528 374 πληρωθήσε-

114 415 186 440 ται
217 398 394 442 οἴνου.“’
462 400 600 441 Εἰσὶν
644 389 726 441 οὖν
762 396 895 440 ἀσκοὶ
932 397 1085 440 ἐλαίου
1121 391 1452 451 πληρούμενοι,
1498 391 1526 448 ἢ

112 470 244 528 ι’ἕλλης
288 472 430 530 ὑγρᾶς
475 474 641 524 οὐσίας.
727 471 978 517 Ψεὺδονται
1030 469 1138 529 ἄρα·
1197 470 1248 514 οὐ
1300 468 1390 528 γὰρ
1434 471 1525 518 πᾶς

110 549 244 598 ἀσκὸς
282 549 623 608 πληρωθήσεται
665 556 806 595 οἴνου.
867 548 1006 608 Ὅπερ
1047 546 1295 604 διηγήσεως
1331 545 1522 590 κατὰτὸ

109 624 307 670 δυνατὸν
344 625 456 683 ἡμῖν
491 630 672 672 τοιᾶσδε
711 628 927 682 τεύξεται,
974 625 1055 671 ἐὰν
1094 627 1289 681 εἰδῶμεν
1326 622 1404 672 τὰς
1431 625 1521 666 τῶν

107 706 245 746 οἴνων
282 703 528 762 διαφοράς,
579 708 656 749 καὶ
703 704 755 748 τὰ
795 703 1020 762 λεγόμενα
1058 706 1163 761 περὶ
1201 703 1366 746 αὐτῶν.
1425 703 1518 743 Καὶ

104 778 366 829 ἀκολούθως
405 783 552 831 αὐτοῖς
591 786 694 839 περὶ
733 784 822 825 τῶν
851 782 1005 825 ἀσκῶν
1035 779 1275 837 ὀψόμεθα,
1308 777 1374 823 ὅτι
1404 779 1516 833 ἀλη-

103 862 179 906 θές
208 860 299 901 ἐστι
330 856 407 902 τό·
439 860 620 914 „ads-²)
655 858 789 908 ἀσκὸς
816 856 1160 916 πληρωθήσεται
1180 858 1360 900 οἴνου.“
1407 859 1515 900 Εἴτε

99 933 189 992 γὰρ
220 933 396 991 ἀγαθός
426 942 489 985 τίς
519 937 653 991 ἐστιν,
685 936 739 979 ἵν’
774 935 914 985 οὕτως
938 933 1256 991 ὀνομάσωμεν,
1291 933 1341 976 ἐν
1359 931 1515 981 ἀσκοῖς

99 1010 247 1066 ἀσκὸς,
278 1012 623 1070 πληρωθήσεται
654 1017 781 1057 οἴνου
813 1011 926 1056 κατα
957 1011 1039 1066 τὴν
1056 1012 1215 1055 ἑαυτοῦ
1238 1007 1512 1066 ἀγαθ-ότητα.

98 1093 204 1133 Εἴτε
234 1090 379 1144 ἐστὶν,
425 1088 485 1139 ῶς
515 1091 563 1134 ἐν
594 1094 825 1148 συγκρίσει
867 1089 1042 1145 ἀσκῶν,
1087 1091 1164 1132 καὶ
1201 1091 1250 1148 τῇ
1292 1091 1434 1145 κρίσει
1460 1089 1510 1146 τῇ

96 1169 200 1222 περὶ
229 1166 391 1222 αὐτῶν,
421 1166 677 1225 μοχθηρὸς,
721 1170 799 1210 καὶ
839 1166 971 1216 αὐτὸς
999 1165 1109 1210 κατὰ
1139 1164 1220 1219 τήν
1251 1167 1513 1220 μοχθηρίαν

96 1243 234 1287 αὐτοῦ
264 1243 608 1302 πληρωθήσεται
647 1249 773 1289 οἴνου
808 1247 1060 1301 μοχθηροῦ.
1128 1245 1236 1291 Πῶς
1278 1235 1359 1285 οὖν
1387 1242 1510 1285 ἐστιν

94 1320 186 1365 ἀπὸ
232 1324 308 1376 τῆς
348 1324 530 1379 γραφῆς
570 1326 725 1377 λαβεῖν
768 1325 874 1377 περὶ
918 1324 1009 1364 τῶν
1059 1318 1298 1378 διαφόρων
1344 1323 1506 1371 oham,-

91 1402 206 1457 Περὶ
235 1400 322 1457 μὲν
350 1402 441 1442 τῶν
463 1396 689 1456 χειρόνων
717 1402 901 1443 τοιαῦτα
928 1402 1207 1456 γέγραπται·
1246 1396 1385 1452 ,,ἔκ3)
1416 1394 1507 1452 γὰρ

92 1474 299 1531 ἀμπέλου
337 1475 565 1533 Σοδόμων
602 1475 628 1532 ἡ
661 1472 866 1534 ἄμπελος
903 1475 1077 1530 αὐτῶν,
1119 1478 1196 1517 καὶ
1233 1472 1259 1529 ἡ
1290 1476 1506 1530 κληματὶς

91 1552 240 1595 αὐτῶν
270 1553 319 1596 ἐκ
350 1550 594 1613 Γομόῤῥας.
650 1551 706 1596 Ἡ
741 1552 947 1611 σταφυλή
987 1553 1138 1596 αὐτῶν
1173 1550 1380 1609 σταφυλὴ
1410 1567 1502 1608 χο-

89 1633 180 1686 λῆς,
212 1628 371 1687 βότρυς
398 1636 583 1688 πικρίας
610 1630 781 1680 αὐτοῖς·
827 1629 976 1688 θυμὸς
1014 1626 1278 1688 δρακόντων
1319 1627 1342 1672 ὁ
1383 1624 1505 1677 οἶνος

90 1708 264 1765 αὐτῶν,
307 1711 384 1750 καὶ
422 1706 571 1766 θυμὸς
611 1707 820 1752 ἀσπίδιον
856 1707 1094 1756 α’νίατος.“
1166 1709 1281 1765 Περὶ
1322 1705 1373 1749 δὲ
1408 1708 1502 1750 τῶν

86 1784 379 1843 κρειττόνων·
410 1784 493 1841 ,,τὸ
510 1785 552 1841 ⁴)
580 1783 800 1846 ποτήριόν
828 1799 910 1829 σου
938 1783 1176 1842 μεθύσκον
1210 1800 1269 1840 με
1298 1781 1358 1833 ὠς
1387 1782 1501 1841 κρά-

85 1865 287 1908 τιστον.“
351 1867 445 1906 Καὶ
479 1861 504 1918 ἡ
545 1867 689 1920 σοφία
725 1866 946 1920 συγκαλεῖ
978 1863 1055 1906 ἐπὶ
1092 1862 1174 1906 τὸν
1201 1862 1360 1917 ἑαυτῆς
1386 1878 1501 1918 κρα-

84 1946 213 2001 τῆρα,
245 1944 465 1999 λέγουσα’
498 1940 763 1997 ,,ἔλθετε5),
795 1938 966 1998 φάγετε
994 1938 1074 1983 τὸν
1104 1937 1218 1997 ἐμὸν
1238 1935 1390 1995 ι’ἱρτον,
1421 1942 1500 1982 καὶ

83 2024 206 2064 πίετε
238 2014 379 2075 οἶνον,
412 2014 466 2062 ὃν
495 2021 714 2076 κεκέρακα
741 2016 909 2076 ὑμῖν.“
955 2013 1112 2061 Ἔστιν
1141 2008 1225 2061 οὖν
1254 2013 1376 2066 οἶνος
1406 2015 1498 2061 ἀπὸ

82 2095 332 2156 Σοδόμων,
375 2098 452 2140 καὶ
481 2096 602 2140 ἔστιν
631 2092 776 2152 οἶνος,
817 2093 872 2139 ὃν
900 2093 926 2150 ἡ
959 2098 1103 2152 σοφία
1142 2099 1333 2150 κίρνησι.
1405 2097 1499 2137 Καὶ

83 2172 244 2218 πάλιν·
287 2170 582 2231 ,,ἷίμπελος6)
623 2172 817 2232 ἐγενήθη
847 2175 909 2230 τῷ
941 2173 1221 2230 ἠγαπημένῳ
1251 2173 1301 2216 ἐν
1330 2175 1496 2227 κέρατι,

87 2252 138 2295 ἐν
164 2249 288 2307 τόπῳ
316 2251 498 2307 πίονι,“
525 2254 843 2309 πεφυτευμένη
873 2249 962 2295 ὑπὸ
992 2255 1071 2294 τοῦ
1102 2253 1237 2305 θεοῦ,
1268 2248 1294 2304 ἡ
1326 2252 1495 2292 καλου-

84 2332 198 2388 μένη
227 2325 431 2387 ἄμπελος
459 2328 644 2386 Σωρὴκ,
683 2326 862 2383 ἒκλεκτή
892 2345 957 2376 τις
986 2320 1101 2371 οὖσα
1130 2331 1209 2371 καὶ
1238 2325 1494 2385 θαυμαστή.

75 2404 202 2450 ’Ἐστι
239 2407 293 2449 δέ
329 2422 393 2454 τις
428 2409 503 2450 καὶ
540 2403 741 2463 ἄμπελος
777 2409 1071 2463 Αἰγυπτίων,
1116 2401 1175 2462 ἢν
1213 2403 1432 2450 πατάσσει
1467 2404 1489 2449 ὁ

202 2575 242 2631 ¹)
272 2575 426 2616 Jerem.
457 2575 578 2624 XIII,
609 2576 673 2619 12.
792 2578 834 2634 ²)
862 2578 1019 2620 Jerem.
1049 2579 1170 2628 Xlll,
1204 2578 1266 2622 12.

199 2646 243 2701 3)
275 2646 360 2687 Cfr.
390 2646 516 2686 Dent.
547 2646 730 2697 XXXII,
759 2648 826 2692 32.
856 2648 923 2693 33.

200 2718 242 2772 4)
273 2716 424 2757 Psalm.
456 2716 619 2766 XXIII,
650 2718 688 2759 5.
719 2718 901 2775 (ΧΧΙΙ.)

199 2787 239 2841 ⁵)
273 2786 357 2828 Cfr.
389 2787 514 2827 Prov.
546 2787 622 2837 IX,
652 2787 688 2830 5,
809 2789 851 2844 ⁶)
883 2789 1005 2831 Jcsai.
1038 2791 1086 2840 V,
1115 2789 1149 2831 1.
