1734 3112
657 87 798 129 Lmen
831 87 908 130 ΙΙΙ.
1442 95 1498 141 37

65 200 235 242 dixerit:
278 198 452 254 ,‚vox¹)
495 198 665 239 fraterni
704 199 838 245 mei.“
898 201 1112 257 Sponsum
1155 220 1254 244 vero
1299 206 1487 262 intellige

62 279 201 336 primo
233 278 428 334 quidem,
467 287 690 333 antequam
720 290 942 335 appareret
972 280 1108 321 oculis
1139 298 1340 337 sponsae,
1382 302 1486 327 voce

61 356 99 398 ei
147 357 236 398 sola
273 353 482 407 agnitum:
525 366 624 410 post
669 355 830 410 hae02)
878 372 977 397 vero
1029 358 1155 400 etiam
1187 361 1484 416 conspectibus

61 434 148 491 ejus
178 431 416 489 apparuisse
454 449 582 488 super
619 444 784 473 montes
823 435 1027 489 quosdam
1065 435 1226 477 vicinos
1264 436 1331 478 illi
1369 438 1484 488 loco,

57 513 100 554 in
139 527 223 568 quo
264 526 416 566 sponsa
453 511 719 561 morabatur,
759 510 1006 563 salientem,
1052 525 1092 554 et
1121 513 1280 567 magnis
1312 515 1482 571 quibus-

56 592 150 631 dam
168 586 209 642 ³)
242 604 327 629 non
356 600 443 628 tam
472 588 660 644 passibus
692 605 816 644 quam
852 589 1025 631 saltibus
1067 592 1199 632 colles
1229 603 1482 650 montesque

57 667 97 709 in
134 667 311 708 modum
349 665 460 706 cervi
500 666 567 706 vel
607 681 781 722 capreae
819 668 1207 720 transcendentem,
1254 681 1295 711 et
1332 670 1391 712 ita
1429 674 1482 713 ad

55 760 248 801 sponsam
290 760 408 784 suam
448 745 564 785 omni
605 760 702 785 cum
740 745 1041 800 properatione
1080 746 1332 789 venientem.
1393 748 1480 790 Ubi

51 838 152 864 vero
183 822 236 863 ad
266 822 455 872 domum,
491 821 598 862 intra
629 838 751 878 quam
784 839 935 878 sponsa
967 825 1322 876 commorabatur,
1354 827 1479 867 adve-

49 900 132 950 nit,
170 899 330 941 stetisse
361 916 458 940 eum
489 899 711 956 paululum
750 898 938 953 intellige
970 912 1069 956 post
1100 901 1300 952 domum,
1344 901 1402 944 ita
1430 915 1479 944 ut

50 978 271 1021 sentiretur
301 978 471 1034 quidem
503 978 658 1027 adesse,
688 977 879 1018 nondum
900 989 1040 1019 tamen
1069 979 1245 1021 domum
1263 980 1304 1033 ⁴)
1335 981 1477 1036 palam

47 1056 178 1097 vellet
207 1067 248 1097 et
278 1055 496 1096 evidenter
524 1055 692 1105 intrare,
721 1055 852 1112 sed5)
883 1055 999 1112 prius
1032 1056 1148 1112 quasi
1178 1058 1255 1098 sub
1278 1059 1476 1100 amatoris

48 1133 187 1190 specie
216 1149 293 1190 per
321 1134 521 1174 fenestras
551 1132 768 1189 adspicere
799 1133 909 1174 velle
948 1150 1157 1190 sponsam.
1176 1136 1220 1191 6)
1281 1135 1476 1189 Intellige

49 1223 188 1253 autem
218 1210 320 1253 retia
353 1212 557 1268 quaedam
586 1226 724 1267 prope
754 1211 929 1252 domum
960 1227 1160 1267 sponsae,
1199 1223 1271 1253 aut
1302 1213 1475 1269 laqueos

49 1305 136 1331 esse
175 1289 361 1345 positos,
405 1299 472 1338 ut,
516 1287 551 1328 si
580 1288 692 1329 forte
722 1287 832 1343 ipsa,
872 1289 940 1329 vel
970 1289 1110 1345 aliqua
1139 1289 1352 1330 sodalium
1385 1289 1475 1346 ejus

48 1384 95 1408 ex
137 1367 303 1408 filiabus
353 1366 619 1407 Hierusalem
672 1365 899 1421 aliquando
927 1366 968 1421 ⁷)
1019 1366 1188 1416 exisset,
1240 1379 1472 1422 caperetur.

44 1444 170 1500 Ads)
206 1444 283 1486 ista
316 1459 415 1484 vero
461 1442 566 1483 retia
607 1442 768 1483 venisse
805 1459 1028 1498 sponsum,
1074 1454 1235 1484 certum
1270 1455 1351 1484 est:
1401 1444 1472 1500 qui

46 1538 141 1562 eum
159 1521 201 1576 ⁹)
233 1520 326 1577 capi
356 1521 406 1561 ab
436 1519 486 1560 iis
516 1535 600 1560 non
631 1532 787 1576 posset,
819 1521 892 1562 sed
924 1521 1078 1562 fortior
1106 1537 1256 1562 eorum
1282 1522 1474 1573 effectus,

48 1598 256 1655 diruperit
294 1599 383 1654 ipsa
422 1597 547 1649 retia,
588 1597 850 1654 diruptisque
891 1598 939 1639 iis
981 1614 1107 1653 super
1146 1598 1236 1654 ipsa
1275 1598 1474 1642 incedens

44 1675 169 1716 etiam
189 1675 257 1730 ¹⁰)
289 1691 366 1731 per
395 1675 484 1732 ipsa
513 1675 797 1732 prospexerit:
831 1686 872 1716 et
906 1686 1133 1732 postquam
1162 1676 1245 1716 hoc
1276 1692 1384 1733 opus
1413 1678 1474 1718 fe-

45 1753 166 1804 cerit,
198 1752 310 1795 dicat
339 1752 392 1794 ad
420 1769 638 1810 sponsam:
672 1753 984 1810 „exsurge¹¹),
1016 1753 1112 1794 veni
1141 1753 1335 1810 proxima
1365 1770 1472 1806 mea,

42 1847 194 1887 sponsa
230 1847 346 1882 mea,
392 1831 589 1872 columba
619 1838 778 1873 mea:“
826 1831 908 1872 hoc
946 1843 1087 1873 autem
1120 1831 1254 1882 dicat,
1300 1843 1346 1872 ut
1377 1831 1468 1888 ipso

42 1925 171 1965 opere
212 1909 400 1952 ostendat
451 1908 512 1960 ei,
566 1910 785 1967 quomodo
837 1927 933 1952 curn
985 1907 1139 1951 fiducia
1178 1909 1330 1952 debeat
1371 1926 1471 1952 con-

159 2150 197 2207 ¹)
228 2150 386 2193 Cautio,
423 2151 477 2201 ΙῘ,
505 2150 546 2193 8.
667 2149 710 2206 2)
740 2148 849 2190 Edd.
882 2150 941 2191 M.
975 2149 1145 2200 „hoc.“

33 2261 66 2318 'h
131 2220 196 2302 (ιδ)
224 2221 334 2263 Edd.
364 2222 428 2264 M.
468 2219 754 2278 „quibusdam
793 2220 980 2277 passibus
1022 2235 1107 2262 non
1145 2230 1308 2261 tantum
1348 2217 1462 2265 salti-

71 2293 118 2318 us
187 2289 263 2319 etc.

157 2339 200 2403 4)
230 2347 338 2389 Edd.
371 2349 429 2391 Μ.
463 2348 629 2399 „modo
661 2347 837 2404 palam“
869 2360 946 2389 ete.

160 2416 202 2472 ⁵)
232 2416 341 2458 Edd.
372 2420 433 2461 M.
467 2437 546 2471 „se
576 2420 741 2478 prius.“

158 2488 199 2544 ⁶)
231 2487 339 2529 Edd.
369 2489 431 2530 Μ.
463 2508 695 2548 „sponsam
724 2489 935 2543 intellige:
968 2501 1038 2530 aut
1067 2489 1209 2532 1=etia“
1242 2501 1332 2532 etc.v

143 2559 200 2614 .⁷)
231 2558 340 2600 Edd.
378 2560 436 2600 M.
469 2561 653 2611 „exisset
681 2562 932 2619 aliquande,
964 2572 1195 2618 caperetur.
1210 2567 1236 2585 “

155 2630 202 2685 εἰ)
234 2629 311 2670 Ed.
342 2629 478 2671 'Ruaei
504 2648 512 2672 ε
546 2634 648 2682 „Ab
682 2633 757 2675 ista
770 2638 795 2657 “
828 2644 905 2674 etc.

157 2700 200 2755 ⁹)
229 2700 362 2741 Deest
401 2707 568 2750 ‚,cum“
599 2701 642 2744 in
674 2705 770 2745 edd.
802 2702 863 2745 M.

130 2772 196 2827 ⁸⁰)
228 2771 336 2811 Edd.
367 2771 428 2812 Μ.
467 2771 628 2822 „etiam
660 2790 735 2830 per
771 2773 912 2815 omnia
940 2773 1192 2831 prospexit“
1225 2783 1303 2813 etc,

130 2841 198 2897 Η)
230 2840 388 2882 Cantic.
422 2842 476 2892 Il,
511 2841 574 2885 10.
