1734 3112
383 75 447 116 Ex
477 75 611 117 OmG.
641 86 687 116 m
714 73 849 116 CANT.
871 72 1186 114 CANTmoRUM.
1441 71 1495 115 97

78 190 140 244 τῷ
167 190 355 248 βοῤῥέᾳ,
405 186 487 243 τὴν
525 188 736 237 ἐξουσίαν
774 187 977 241 λαβοῦσα
1017 182 1142 242 παρὰ
1173 186 1251 226 τοῦ
1282 182 1493 240 ἐπιτιμή-

80 280 242 316 σαντος
269 269 330 323 τῷ
361 264 514 324 ἀνέμῳ
540 269 761 323 νυμφίου.
816 261 901 307 Διὸ
921 260 1047 321 παρὰ
1070 267 1163 310 τοῖς
1185 262 1332 318 τρισὶν
1351 260 1490 317 εὐαγ-

75 347 299 400 γελισταῖς
328 343 652 399 ἕπιτιμηθῆναι
690 345 751 399 τῷ
792 341 948 401 ἀνέμῳ
979 344 1170 399 εἴρηται·
1216 340 1259 382 οἱ
1299 338 1349 381 δὲ
1381 333 1490 382 ἄνε-

75 437 158 476 μοι
188 419 338 470 ἁπλῶς
374 419 689 465 ὑπακούουσιν
729 419 865 477 αὐτῷ.
928 417 1124 476 Χριστὸς
1165 408 1247 460 οὖν
1284 415 1490 464 ἐξωθου-

74 503 216 556 μένου
244 501 324 543 τοῦ
354 498 571 555 διαβόλου
610 502 887 550 εἷσοικίζεται
927 502 1022 545 ταῖς
1062 500 1252 552 ψυχαῖς·
1293 496 1397 552 περὶ
1440 483 1492 536 οὗ

73 576 151 623 τό·
182 575 241 633 ,,ὁ
261 578 299 634 ¹)
329 576 434 627 θεὸς
464 577 556 622 ἀπὸ
587 576 767 636 θαιμάν
794 574 955 632 ἣξει·“
986 577 1228 629 τουτέστιν,
1261 573 1311 617 ἐκ
1343 569 1489 617 νότου.

516 815 786 874 Κεφάλαιον
816 819 1045 873 πέμπτον.

182 914 524 973 ,,Καταβήτω’ὶ)
570 913 818 974 ἀδελφιδός
862 931 954 971 μου
1000 917 1062 963 εἰς
1106 914 1256 968 κῆπον
1300 915 1488 960 αὐτοῦ.“

71 995 534 1055 Πεπαρῥησιασμένης
579 997 749 1053 φωνῆς.
835 996 912 1050 Τῷ
962 995 1074 1036 πᾶσι
1121 997 1214 1040 τοῖς
1259 984 1359 1036 οὖσι
1406 993 1488 1050 τὴν

71 1069 185 1128 ζωὴν
214 1072 264 1116 ἔκ
292 1075 368 1128 τῆς
395 1073 514 1122 ἰδίας
542 1075 691 1129 πηγῆς
721 1072 995 1131 ἕπιῤῥέοντι,
1037 1069 1064 1125 ἡ
1096 1068 1256 1128 νύμφη
1295 1077 1489 1131 προστί-

69 1153 178 1204 θησι
205 1148 443 1206 τράπεζαν,
478 1153 628 1206 κῆπον
657 1151 750 1194 ἴδια
780 1152 872 1193 τῶν
902 1146 1128 1207 ἐμψύχων
1168 1149 1372 1207 δένδρων
1402 1166 1488 1194 πε-

69 1230 367 1286 φυτευμένον.
423 1226 581 1287 Ἡμεῖς
620 1228 670 1272 δὲ
700 1227 890 1284 δένδρα,
935 1229 1061 1283 εἴπερ
1092 1224 1147 1282 δὴ
1180 1229 1256 1269 καὶ
1288 1225 1417 1284 ἡμεῖς
1448 1230 1490 1271 οἱ

70 1303 149 1360 τὴν
186 1303 364 1364 τροφὴν
404 1305 524 1363 αὐτῷ
562 1307 871 1364 προτιθέντες,
917 1302 998 1359 τὴν
1033 1306 1126 1347 τῶν
1164 1307 1328 1360 ψυχῶν
1356 1302 1488 1360 ἡμῶν

68 1387 315 1441 σωτηρίαν,
357 1382 469 1426 κατὰ
513 1380 590 1426 τό·
633 1379 844 1438 ,,ἓμόν3)
881 1379 1044 1440 βρῶμά
1076 1381 1220 1436 ἔστιν,
1263 1385 1339 1424 ἵνα
1369 1385 1486 1426 ποιῶ

69 1459 119 1504 τὸ
149 1464 327 1516 θέλημα
355 1462 435 1504 τοῦ
466 1458 636 1519 πατρός
663 1460 807 1517 μου.“
849 1458 1039 1517 Καρπὸς
1069 1458 1119 1502 δὲ
1149 1457 1280 1516 ἡμῶν
1309 1458 1335 1515 ἡ
1368 1476 1488 1516 προ-

69 1540 248 1596 αίρεσις.
308 1536 438 1582 Ἐπεὶ
476 1537 526 1581 δὲ
569 1537 649 1580 οὐκ
689 1538 812 1580 ἔστιν
839 1535 959 1592 ἡμᾶς
988 1532 1135 1584 ἄλλως
1165 1536 1490 1595 ἀναληφθῆναι

68 1614 182 1671 πρὸς
210 1613 292 1658 τὸν
321 1612 532 1671 ὕψιστον,
565 1617 603 1659 εἰ
632 1612 696 1670 μὴ
726 1612 840 1673 πρὸς
868 1612 917 1657 τὸ
939 1611 1363 1671 χθαμαλώτερονῆ
1383 1616 1487 1658 ἐπι-

67 1695 242 1747 κλιθείη
289 1689 410 1749 ,,ό5>
451 1689 792 1749 ἀναλαμβάνων
829 1696 988 1749 πραεῖς
1029 1689 1232 1748 κύριος-,ιί
1280 1691 1489 1741 εὐκτικῶς

66 1766 144 1813 τό·
176 1766 442 1825 ,,καταβήτω
460 1770 575 1826 ⁵)·“
606 1773 763 1828 φησὶν,
799 1769 1149 1827 ἐπιδεικνυμένη
1179 1770 1240 1826 τῷ
1272 1773 1366 1826 θεῷ
1397 1772 1488 1814 τῶν

65 1849 141 1903 τῆς
171 1847 324 1904 ἀρετῆς
356 1845 625 1906 ἀκροδρύων
654 1846 736 1902 τὴν
767 1846 1005 1905 εὐφορίαν.

177 1920 413 1980 ,ξἈνοιξόν
431 1926 472 1982 ⁷)
502 1942 585 1983 μοι
615 1921 793 1982 ἀδελφή
823 1926 964 1982 μου.“
1013 1924 1291 1980 Ἀναγκαίως
1319 1921 1347 1979 ἡ
1379 1926 1483 1968 τοῦ·

70 2004 246 2058 ,,μοί·“
277 1999 520 2062 προσθήκη
549 2003 650 2046 τοῦ·
683 1998 961 2057 ,,ἰι’νοιξον.“
1012 1997 1140 2045 ’Ἐστι
1168 1999 1259 2057 γὰρ
1294 2004 1369 2044 καὶ
1401 2002 1487 2045 ἀν-

0 2091 10 2136 J
66 2083 334 2138 τικειμέναις
356 2078 611 2137 δυνάμεσιν
638 2079 829 2131 ἀνοῖξαι.
881 2078 958 2128 Ὡς
986 2081 1091 2134 περὶ
1113 2077 1306 2136 ὀχληρᾶς
1332 2080 1380 2122 δὲ
1411 2082 1486 2134 τῆς

68 2154 236 2214 δρόσου
251 2161 398 2216 λέγειν
415 2159 553 2211 δοκεῖ,
577 2156 635 2206 ὠς
651 2160 727 2201 καὶ
746 2159 850 2215 περὶ
873 2159 962 2199 τῶν
978 2158 1053 2210 τῆς
1073 2156 1231 2204 νυκτὸς
1251 2154 1483 2212 ψεκάδων·

70 2232 342 2280 ἀνάπαυλαν
363 2234 453 2294 γὰρ
475 2237 620 2280 ἔοικεν
647 2233 739 2279 ἀπὸ
766 2232 938 2278 τούτων
954 2235 1188 2289 ἐπιζητεῖν.
1234 2231 1484 2276 Ἀκόλουθα

66 2313 206 2354 ταῦτα
234 2317 326 2361 τοῖς
353 2311 559 2371 πρώτοις.
629 2312 763 2357 Meu}
793 2311 884 2370 γὰρ
914 2311 995 2366 τὴν
1025 2310 1276 2355 ἀνάστασιν
1305 2312 1487 2364 εἰσῆλθε

68 2391 160 2433 τῶν
188 2391 346 2446 θυρῶν
375 2393 728 2450 κεκλεισμένων,
778 2393 856 2434 καὶ
891 2393 1021 2434 καλεῖ
1055 2387 1135 2432 τόν
1169 2390 1362 2445 Θωμᾶν,
1408 2389 1484 2430 καὶ

191 2536 231 2593 ¹)
263 2535 349 2578 Cfr.
380 2536 538 2580 Habac.
568 2538 646 2589 ΙΙΙ,
678 2537 718 2582 3.
838 2537 882 2594 2)
915 2536 1073 2579 Cantic.
1105 2536 1156 2586 V,
1191 2536 1226 2580 1.

186 2606 230 2663 ³)
260 2606 338 2648 Ev.
366 2606 517 2648 Joann.
547 2606 621 2658 IV,
648 2607 718 2651 34.

184 2675 228 2730 ⁴)
263 2675 341 2717 Ed.
373 2676 422 2717 R.
454 2691 697 2732 perperam:
728 2677 1068 2737 θαμαλώτερον·

185 2746 228 2801 ⁵)
258 2745 410 2789 Psalm.
444 2745 654 2797 CXLVII,
681 2746 720 2788 6.
750 2747 982 2803 (CXLVI.)

185 2811 228 2869 ὃ)
260 2816 417 2858 Cantic.
449 2817 500 2867 V,
532 2817 569 2859 1.
687 2816 727 2872 ⁷)
760 2816 916 2859 Cantic.
949 2819 998 2867 V,
1028 2818 1054 2860 2

82 2890 302 2936 Oxum-:ms
326 2893 498 2937 OPERA.
543 2892 772 2934 Tom.XV.
1084 2899 1108 2943 7
