1734 3112
0 2073 3 2104 Ι

0 2107 4 2133 2

634 138 775 179 Lmen
806 136 885 177 III.
1424 139 1475 183 51

54 252 183 294 refert
212 252 263 294 ad
293 250 520 294 invisibiles
549 266 690 292 rerum
720 247 1111 306 incorporalium1)
1140 251 1473 304 permutationes

54 346 100 371 ac
130 329 447 372 vicissitudines.
502 328 694 371 Circulos
723 343 892 384 quoque
922 342 1130 368 annorum
1158 328 1473 384 temporalium,

54 419 95 449 et
133 406 416 464 praesentium
443 407 574 448 refert
603 407 656 448 ad
679 404 935 462 antiquiores
964 404 1131 462 aliquos
1169 421 1216 447 ac
1253 407 1473 464 sempiter-

52 502 130 528 nos
160 501 301 536 annos,
334 485 566 527 secundum
596 500 712 534 eum,
745 482 817 539 qui
848 483 1038 524 dicebat:
1081 494 1157 534 „et
1172 483 1215 540 ²)
1246 500 1376 526 annos
1406 501 1473 526 ae-

51 575 192 606 ternos
221 564 263 605 in
294 575 434 605 mente
463 562 632 604 habui.“
692 562 778 604 Sed
809 573 851 602 et
880 561 1096 603 stellarum
1131 560 1366 617 positiones
1384 579 1472 604 non

55 641 261 683 dubitavit
299 643 350 683 ab
388 641 472 691 his,
520 656 626 697 quae
665 640 804 696 palam
846 639 1065 690 videntur,
1110 640 1270 682 referre
1302 642 1354 682 ad
1384 641 1473 708 illa,

54 735 157 776 quae
187 720 229 760 in
261 718 439 761 occultis
478 730 594 769 sunt,
634 734 739 774 quae
771 718 1040 760 occultorum
1070 717 1475 777 manifestorumque

51 795 268 838 scientiam
304 796 479 838 meruit:
527 807 569 837 et
610 794 712 837 dicit
743 812 830 837 esse
860 795 1036 852 aliquod
1064 807 1305 839 sanctorum
1334 814 1475 852 genus,

52 874 168 930 quod
198 875 250 916 de
281 874 473 916 Abrahae
503 872 728 931 praecipue
758 872 888 931 stirpe
919 874 1156 925 descendit,
1197 875 1305 918 sicut
1334 877 1476 920 stellas

53 950 175 992 coeli.
237 951 323 994 Sed
354 965 393 993 et
430 951 746 995 resurrectionis
781 952 947 993 futurae
988 951 1168 1006 gloriam
1205 953 1347 996 stellas
1388 971 1474 998 esse

51 1029 284 1071 secundum
312 1031 580 1072 occultorum
600 1028 817 1071 scientiam
834 1029 1136 1085 pronuntiavit,
1167 1047 1344 1088 sequens
1364 1050 1474 1085 eum,

55 1107 126 1164 qui
159 1107 280 1149 dixit:
321 1108 492 1166 „alia³)
523 1107 658 1162 gloria
688 1107 811 1158 solis,
843 1119 885 1148 et
914 1107 995 1148 alia
1024 1108 1158 1162 gloria
1172 1109 1214 1167 ⁴²)
1245 1111 1475 1156 stellarum.

55 1185 188 1227 Stella
219 1185 331 1227 enim
361 1203 385 1228 a
422 1186 545 1228 stella
589 1185 734 1227 differt
772 1184 818 1226 in
848 1185 1002 1238 gloria:
1045 1185 1105 1229 ita
1144 1198 1185 1228 et
1222 1191 1474 1232 resurrectio

53 1270 375 1306 mortuorum.“
443 1263 534 1306 Nisi
573 1264 806 1305 secundum
853 1263 957 1305 haec
1000 1263 1310 1319 intelligeretur
1354 1268 1476 1321 illud,

55 1341 172 1397 quod
189 1341 266 1382 ait:
296 1342 548 1397 „naturas⁵)
581 1340 839 1392 animalium,
871 1341 1035 1398 irasque
1056 1343 1340 1387 bestiarum:“
1370 1363 1477 1388 nun-

56 1433 181 1474 quam
227 1417 395 1460 dixisset
448 1418 491 1459 in
531 1418 769 1472 Evangeliis
813 1418 1017 1460 salvator:
1073 1420 1238 1470 „dicite
1263 1423 1304 1479 ⁶)
1359 1424 1478 1481 vulpi

54 1492 209 1536 huic:“
247 1511 385 1552 neque
422 1496 607 1537 Joannes
657 1496 709 1535 de
751 1495 1002 1552 quibusdam
1037 1497 1226 1540 dixisset:
1273 1517 1480 1557 „serpen-

56 1572 176 1628 tes7)
208 1572 419 1625 generatio
451 1572 747 1628 viperarum:“
793 1573 867 1613 sed
895 1589 1033 1630 neque
1072 1575 1282 1631 propheta
1321 1577 1482 1621 diceret

59 1649 111 1690 de
150 1649 388 1700 nonnullis,
434 1649 552 1705 quod
597 1648 787 1707 „equi⁸)
828 1651 1060 1693 admissarii
1098 1652 1200 1694 facti
1235 1661 1389 1696 sunt:“
1441 1669 1481 1697 et

58 1726 161 1767 item
192 1726 319 1768 alius:
351 1727 516 1779 „homo
533 1727 575 1783 9)
608 1743 704 1767 cum
732 1726 777 1768 in
806 1727 970 1770 honore
1000 1740 1119 1780 esset,
1148 1746 1236 1772 non
1257 1730 1482 1786 intellexit,

60 1815 325 1861 comparatus
356 1815 418 1846 est
446 1802 643 1861 jumentis
673 1803 981 1861 insipientibus,
1013 1817 1054 1847 et
1083 1806 1231 1849 similis
1260 1809 1392 1852 factus
1424 1824 1485 1854 est

59 1881 157 1924 illis.
172 1888 196 1908 “
256 1884 343 1926 Sed
373 1894 414 1924 et
444 1882 517 1923 ille
550 1881 774 1936 diligenter
804 1883 975 1936 agnovit
1012 1884 1090 1926 iras
1119 1885 1371 1940 bestiarum,
1411 1889 1483 1946 qui

0 1979 1 1995 ἢ
59 1959 247 2003 dicebat:
277 1961 509 2018 „furor¹⁰)
541 1960 626 2002 illis
655 1961 887 2002 secundum
917 1961 1241 2006 similitudinem
1263 1967 1484 2023 serpentis,

62 2037 167 2080 sicut
198 2038 353 2097 aspidis
382 2040 546 2091 surdae,
579 2038 812 2082 obturantis
841 2055 959 2082 aures
993 2049 1127 2084 suas.“
1181 2043 1298 2086 Haec
1329 2043 1486 2102 erit¹¹)

64 2177 129 2184 ——-
135 2179 201 2184 —-
207 2180 392 2185 -a-—m—

185 2271 224 2328 ¹)
248 2271 328 2314 Ed.
345 2271 499 2314 Ruaei:
532 2271 832 2330 corporalium.
951 2273 994 2330 ²)
1025 2272 1179 2316 Psalm.
1205 2274 1421 2330 LXXVII,
1446 2278 1483 2323 5.

182 2340 225 2398 3)
258 2342 342 2384 Cfr.
374 2344 511 2387 ICor.
541 2344 635 2394 XV,
666 2343 734 2387 41.
765 2343 833 2387 42.

182 2412 225 2468 ⁴)
254 2412 387 2454 Deest
414 2414 621 2468 „gloria“
651 2413 694 2455 in
725 2414 790 2456 ed.
822 2413 872 2455 R.

185 2481 226 2538 5)
258 2481 354 2538 Sap.
388 2483 474 2525 Sal.
501 2485 598 2536 VII,
627 2483 694 2528 20.
728 2511 777 2519 -
809 2485 977 2527 Desunt
1006 2485 1153 2528 verba:
1187 2487 1386 2548 „irasque
1417 2492 1487 2532 be-

68 2537 300 2589 stimum,“
329 2538 373 2579 in
403 2540 497 2581 edd.
526 2541 587 2582 M.

185 2610 227 2665 ε)
258 2609 360 2650 Luc.
389 2609 516 2660 xm,
543 2610 612 2654 32.
733 2612 774 2669 7)
804 2613 955 2655 Matth.
989 2612 1075 2664 ΠΙ,
1108 2613 1146 2658 7.

185 2679 229 2734 8)
257 2680 413 2721 Jerem.
444 2679 496 2730 V,
525 2678 564 2723 8.
598 2702 648 2711 -
681 2679 791 2725 Edd.
821 2683 883 2726 M.
916 2682 1204 2735 „emissarii.¹‘

184 2749 228 2806 ⁹)
259 2749 413 2792 Psalm.
444 2749 606 2800 XLIX,
636 2749 701 2795 12.

163 2818 233 2876 ¹⁰)
261 2818 416 2861 Psalm.
445 2820 608 2870 LVIII,
639 2820 677 2862 4.
697 2845 747 2854 -
783 2820 891 2864 Edd.
923 2822 982 2867 M.
1016 2837 1085 2877 „et
1117 2826 1377 2869 obturanti2“
1410 2840 1487 2873 etc.

163 2888 232 2944 11)
263 2888 372 2931 Edd.
402 2889 462 2932 M.
497 2890 694 2941 „enim.“

1077 2972 1140 3013 [454
