1734 3112
687 80 839 122 Lmen·
857 80 927 122 IV.
1465 83 1516 129 71

95 209 211 239 rente
253 196 291 237 ei
332 197 458 236 verbo
490 193 596 243 Dei,
642 206 683 235 et
725 204 908 235 cessante
939 205 1137 250 peceato:
1185 205 1225 235 et
1257 194 1310 235 ita
1343 196 1513 239 demum

93 276 271 317 florente
309 272 448 322 vinea,
493 270 753 328 incipient¹)
794 270 969 312 virtutes
1007 283 1130 328 atque
1171 272 1338 314 arbusta
1376 274 1513 315 bono:

92 369 184 394 rum
208 351 249 409 ²)
301 365 479 407 operum
525 350 712 391 fructum
756 349 1001 403 germinare.
1071 349 1157 392 Sed
1203 366 1314 391 nunc
1360 349 1513 393 iterum

93 429 280 473 Christus
309 428 411 469 haec
443 427 635 484 loquitur
664 428 717 469 ad
748 429 990 478 ecclesiam,
1037 438 1078 468 et
1107 427 1150 468 in
1180 426 1277 469 anni
1308 428 1514 470 circulum

92 523 217 549 omne
245 505 475 563 praesentis
507 506 663 548 saeculi
678 507 720 562 3)
752 506 935 563 spatium
955 505 1092 563 ponit.
1140 505 1194 546 Et
1223 521 1301 561 per
1330 504 1513 547 hiemem

90 584 259 642 quidem
290 582 399 624 illud
428 583 585 625 indicat
614 596 795 642 tempus,
828 585 871 626 in
903 600 986 641 quo
1017 582 1085 624 rel
1102 581 1334 641 Aegyptios
1354 584 1512 636 grando

90 673 129 704 et
168 660 354 703 turbines
395 677 442 703 ac
480 662 641 719 reliqua
683 662 831 704 decem
869 663 1088 719 plagarum
1127 660 1300 700 verbera
1330 660 1514 713 flagella-

86 741 208 782 bant:
261 739 329 780 vel
363 755 458 780 cum
490 738 651 782 diversa
680 741 795 782 bella
826 740 1067 797 perferebat
1097 738 1248 779 Israel:
1289 737 1357 779 vel
1387 737 1512 780 etiam

87 834 181 860 cum
196 817 238 874 ⁴²)
267 816 349 874 ipsi
379 817 590 860 salvatori
619 819 786 870 restitit,
818 831 859 860 et
889 816 1194 860 incrudelitatis
1225 815 1393 857 turbine
1421 833 1512 858 cor-

84 895 306 952 reptus⁵)‚
346 894 561 948 naufragio
593 895 694 937 fidei
734 897 974 937 submersus
1015 907 1090 937 est.
1151 893 1237 935 Ubi
1276 910 1374 948 ergo
1413 894 1512 936 illo-

83 990 177 1015 rum
216 972 374 1014 delicto
414 973 522 1014 salus
560 973 750 1026 gentibus
791 974 901 1016 facta
945 985 1030 1023 est,
1078 984 1201 1014 vocat
1243 988 1355 1013 nunc
1386 972 1439 1014 ad
1469 988 1511 1013 se

83 1050 324 1102 ecclesiam,
358 1050 544 1108 dicitque
577 1051 634 1093 ei:
668 1067 861 1105 exsurge,
892 1062 933 1092 et
964 1051 1060 1092 veni
1092 1052 1143 1092 ad
1175 1067 1267 1101 me,
1299 1049 1396 1107 quia
1425 1048 1510 1107 jam

84 1129 237 1181 hiems,
288 1145 392 1186 quae
423 1129 648 1171 submersit
689 1129 956 1180 incredulos,
1002 1141 1043 1170 et
1083 1145 1158 1170 vos
1196 1128 1239 1170 in
1278 1127 1512 1182 ignorantia

84 1207 362 1265 reprimebat,
403 1206 611 1248 abscessit.
673 1208 759 1250 Sed
801 1220 841 1249 et
870 1206 1016 1264 pluvia
1045 1205 1308 1264 pertransiit,
1353 1204 1396 1245 id
1438 1217 1512 1254 est,

83 1284 166 1344 jam
196 1301 280 1327 non
312 1285 521 1326 mandabo
553 1284 759 1336 nubibus,
798 1285 1020 1341 prophetis
1061 1284 1244 1334 seilicet,
1288 1294 1334 1324 ut
1363 1283 1513 1339 pluant

83 1363 273 1421 pluviam
297 1363 415 1404 verbi
445 1379 572 1419 super
601 1374 751 1404 terras:
783 1364 857 1404 sed
887 1362 976 1418 ipsa
1004 1379 1082 1404 vox
1106 1361 1292 1411 turturis,
1324 1361 1406 1401 hoc
1437 1371 1512 1410 est,

84 1441 173 1498 ipsa
202 1441 287 1482 Dei
317 1440 518 1497 sapientia
551 1441 752 1496 loquetur
789 1440 831 1480 in
864 1440 1007 1489 terris,
1056 1452 1097 1481 et
1139 1439 1270 1480 dicet:
1317 1437 1440 1493 „ipse
1455 1437 1513 1492 ⁶),

87 1518 158 1574 qui
201 1517 427 1573 loquebar,
465 1517 663 1558 adsum.“
723 1517 874 1558 Florcs
907 1534 1004 1571 ergo
1038 1516 1298 1559 credentium
1326 1515 1516 1572 populo·

87 1611 203 1646 rum,
262 1607 301 1636 et
347 1594 573 1636 orientium
628 1594 897 1637 ecclesiarum
954 1606 1238 1653 apparuerunt
1295 1592 1339 1634 in
1387 1604 1510 1636 terra.

87 1673 232 1730 Sed7)
275 1685 315 1714 et
345 1672 577 1730 putationis
618 1684 783 1730 tempus
822 1690 900 1730 per
929 1674 1058 1715 fidem
1088 1689 1206 1716 meae
1237 1669 1441 1729 passionis
1471 1680 1513 1711 et

201 1865 239 1921 ¹)
269 1863 379 1906 Edd.
410 1865 472 1907 Μ.
504 1864 740 1920 ‚‚incipit.“

197 1935 240 1990 2)
268 1934 378 1977 Edd.
411 1935 472 1978 M.
504 1935 583 1987 „id
616 1947 676 1976 est
705 1936 955 1977 bonorum“
987 1946 1064 1977 etc.

199 2005 242 2062 ³)
273 2005 383 2047 Edd.
413 2006 476 2047 M.
509 2005 705 2056 „vitae.“

200 2076 242 2133 4)
273 2075 382 2117 Edd.
414 2075 475 2119 M.
506 2093 641 2127 „cum
674 2093 816 2118 coram
844 2077 938 2133 ipso
971 2077 1192 2120 Salvatore
1222 2076 1388 2120 restitit.
1401 2083 1428 2101 “

201 2146 242 2204 ⁵)
273 2146 382 2188 Edd.
413 2147 477 2188 M.
517 2158 774 2204 „correptus
806 2158 890 2198 est,
937 2159 977 2190 et
1017 2148 1235 2203 naufragio
1273 2147 1375 2190 fidei
1414 2148 1510 2190 sub-

85 2218 255 2246 mersus.
314 2202 435 2244 Ubi“
468 2215 544 2246 etc.

199 2273 242 2328 ⁵)
270 2273 393 2315 Jesai.
424 2274 525 2325 LII,
556 2274 594 2318 6.

206 2343 247 2399 ⁷)
276 2343 514 2400 Procopius
554 2362 600 2386 ex
641 2345 842 2398 Origene:
906 2337 1048 2394 Οὗτος
1096 2346 1152 2388 δέ
1195 2345 1318 2388 ἐστιν
1365 2343 1388 2389 ὁ
1435 2347 1512 2400 τῆς

88 2414 227 2459 αὐτοῦ
266 2420 537 2473 παρουσίας,
586 2417 637 2460 ἐν
678 2407 712 2472 ᾧ
753 2415 826 2459 δεῖ
860 2414 915 2458 τὰ
966 2415 1203 2472 σωματικὰ
1234 2417 1314 2460 τοῦ
1346 2413 1510 2473 νόμου,

87 2487 165 2529 καὶ
194 2488 268 2539 τῆς
299 2484 348 2527 ἓν
376 2490 468 2533 τοῖς
495 2483 752 2543 προφήταις
792 2488 995 2544 ἱστορίας
1033 2484 1381 2545 περιπεφυκόῐα
1419 2492 1513 2537 τοῖς

88 2560 413 2611 πνευματικοῖς
449 2560 824 2614 περιτέμνεσθαι,
868 2559 946 2599 καὶ
973 2561 1130 2614 μεῖναι
1166 2555 1221 2601 τὰ
1259 2560 1508 2616 κρείττονα.

89 2623 258 2684 Καιρὸς
295 2625 344 2668 δὲ
383 2622 523 2668 πάλιν
562 2629 633 2669 καὶ
676 2629 750 2682 τῆς
799 2628 891 2671 τῶν
933 2625 1273 2687 ἁμαρτημάτων
1312 2628 1511 2681 ἔκκοπῆς

90 2698 166 2739 καὶ
194 2694 397 2752 ἀφέσεως
432 2692 507 2737 διὰ
539 2697 726 2751 λουτροῦ
757 2699 1123 2755 παλιγγενεσίας.
1175 2701 1267 2743 Καὶ
1291 2698 1356 2753 μὴ
1386 2703 1508 2740 θαυ-

89 2762 249 2826 μάσῃς,
283 2769 321 2809 εἴ
351 2764 373 2810 ὁ
408 2769 608 2822 νυμφίος
638 2762 695 2814 ὠς
724 2769 828 2826 περὶ
857 2767 1008 2828 ἑτέρου
1032 2771 1149 2825 λέγει
1168 2770 1246 2811 τοῦ
1268 2765 1501 2825 τρυγόνος.

91 2838 330 2893 Πολλαχοῦ
362 2835 450 2894 γὰρ
489 2838 618 2879 τοῦτο
652 2838 726 2891 τῆς
754 2840 936 2896 γραφῆς
965 2838 1070 2887 ἔθος
1100 2838 1238 2884 ἐστίν.
1296 2838 1475 2880 Ruaens.
