1763 3112
285 90 368 135 274
719 91 939 133 Omomus
970 105 1014 132 m
1046 92 1069 131 J
1075 103 1284 132 Enssmmm

292 204 406 248 κατὰ
439 203 489 248 τὸ
519 203 797 261 λεγόμενον,
846 201 1025 255 σπουδὴ
1069 200 1091 244 ὀ
1131 198 1288 258 λόγος,
1334 201 1514 258 σπουδὴ
1557 202 1580 247 ὁ
1610 209 1722 260 βίος,

292 285 369 325 καὶ
397 278 546 336 πάντη
577 281 673 324 ἐστὶ
701 279 752 324 τὸ
785 281 1026 338 συνέδριον
1059 277 1110 321 οὐ
1130 275 1398 335 παιζόντων,
1432 278 1545 322 ἀλλὰ
1575 293 1722 324 σπου-

295 357 533 411 δαζόντων.
584 356 722 402 Ὅταν
753 359 803 402 δὲ
833 355 883 401 τὸ
912 356 1168 412 συνέδριον,
1202 357 1454 401 καταλιπὸν
1474 354 1557 412 τὴν
1574 371 1722 401 σπου-

295 436 382 492 δὴν
412 435 493 492 τὴν
523 439 629 490 περὶ
658 433 711 478 τὰ
745 434 998 490 ἀναγκαῖα,
1035 429 1228 491 σχολάζῃ
1259 438 1352 482 τοῖς
1379 438 1612 490 παιγνίοις
1643 436 1722 477 τοῦ

296 518 461 563 αἰῶνος
491 511 665 565 τούτου,
699 515 775 553 καὶ
806 515 1039 566 παιγνίοις
1070 515 1162 558 τοῖς
1191 509 1285 553 ἀπὸ
1317 514 1399 568 γῆς
1430 515 1615 564 κακίας,
1647 515 1725 567 γί-

297 609 414 636 νεται
449 591 690 645 συνέδριον
719 586 989 637 παιζόντων.
1050 590 1199 642 Φησὶν
1235 580 1317 630 οὖν
1348 580 1499 637 οὗτος·
1544 587 1722 642 ,,οὐκῙ)

297 668 489 713 ἐκάθισα
521 668 571 709 ἐν
604 666 826 721 συνεδρίῳ
857 665 1006 708 αὐτῶν
1047 662 1327 718 παιζόντων,
1370 663 1459 707 ἀλλ’
1503 663 1726 721 εὐλαβού-

298 746 390 803 ,ὶιην
431 742 522 787 ἀπὸ
568 739 821 798 προσώπου
855 740 1006 798 χειρός
1045 744 1175 786 σου.“
1252 740 1348 785 Δύο
1392 747 1723 799 προκειμένων,

294 821 442 880 ἤγουν
472 824 745 869 καθέζεσθαι
776 820 826 862 ἒν
857 821 1080 876 συνεδρίῳ
1110 817 1387 872 παιζόντων,
1433 822 1508 862 καὶ
1550 823 1624 862 σοὶ
1664 822 1726 877 τῷ

298 904 391 957 θεῷ
423 896 753 955 προσκόπτειν,
801 899 879 939 καὶ
925 899 999 940 σοὶ
1027 895 1091 952 μὴ
1127 894 1359 951 ἀρέσκειν,
1409 892 1432 950 ἢ
1472 898 1729 954 ἐγείρεσθαι,

298 977 389 1022 ἀπὸ
428 976 670 1031 συνεδρίου
699 972 978 1028 παιζόντων,
1022 977 1099 1015 καὶ
1129 979 1280 1017 ποιεῖν
1308 977 1447 1017 ταῦτα
1480 972 1507 1016 ἅ
1540 989 1612 1018 σοι
1643 979 1728 1031 φί-

297 1061 379 1100 λον
408 1046 488 1108 ἦν·
521 1049 709 1109 εἱλόμην
737 1053 916 1107 μᾶλλον
943 1049 1221 1094 ἀνίστασθαι
1248 1049 1345 1095 ἀπὸ
1376 1054 1456 1094 τοῦ
1485 1052 1726 1108 συνεδρίου

296 1130 565 1184 παιζόντων,
597 1132 673 1171 καὶ
705 1131 778 1171 σοὶ
809 1130 942 1185 φίλος
971 1124 1102 1182 εἶναι,
1139 1123 1252 1185 ἤπερ
1275 1128 1324 1172 τὸ
1349 1130 1559 1173 ἐναντίον
1577 1131 1726 1172 ποιῶν

297 1206 462 1266 ἐχθρὸς
490 1208 704 1263 γενέσθαι
737 1207 787 1264 τῇ
816 1204 1121 1264 μακαριότητί
1147 1220 1246 1249 σου.
1307 1205 1437 1260 ,,Οὐκ
1454 1205 1496 1261 ²)
1528 1202 1725 1248 ἐκάθισα

297 1290 348 1331 ἕν
378 1285 602 1341 συνεδρίῳ
642 1281 793 1324 αὐτῶν
832 1278 1110 1335 παιζόντων,
1161 1281 1254 1325 ἀλλ’
1301 1280 1590 1340 εὐλαβούμην
1628 1281 1722 1326 ἀπὸ

296 1360 548 1422 προσώπου
573 1356 726 1416 χειρός
756 1360 891 1402 σου.“’
950 1361 1044 1401 Καὶ
1084 1358 1106 1401 ό
1148 1357 1292 1415 σωτὴρ
1334 1357 1466 1415 ἡμῶν
1497 1360 1580 1403 οὐκ
1611 1357 1722 1403 ἐκοί-

295 1449 426 1486 θισεν
458 1440 507 1483 ἐν
536 1437 760 1492 συνεδρίῳ
792 1435 943 1478 αὐτῶν
971 1431 1242 1490 παιζόντων,
1277 1434 1369 1478 ἀλλ’
1390 1436 1620 1491 ἀπανέστη
1644 1436 1719 1481 ἀπ’

296 1519 460 1564 αὐτῶν.
529 1517 623 1558 Καὶ
664 1511 856 1570 σημεῖόν
893 1513 988 1556 ἔστι
1023 1515 1103 1555 τοῦ
1146 1513 1392 1570 ε’γηγέρθαι
1432 1511 1514 1557 τὸν
1544 1515 1722 1571 σωτῆρα

295 1595 386 1641 ἀπὸ
419 1593 661 1648 συνεδρίου
692 1588 969 1645 παιζόντων,
1002 1587 1052 1633 τὸ
1085 1592 1312 1647 εἰρηκέναι
1344 1588 1507 1635 αὐτόν·
1547 1590 1722 1649 ,,ἆφίε-

295 1672 427 1728 taff)
457 1668 571 1726 ὑμῖν
612 1666 634 1711 ὁ
678 1664 800 1718 οἶκος
836 1668 969 1725 ὑμῶν
1008 1668 1223 1727 ἔρημος.“

296 1751 319 1796 ὃ
350 1748 486 1806 λόγος
524 1747 603 1788 τοῦ
647 1748 759 1789 θεοῦ
803 1744 852 1788 τὸ
890 1745 1129 1790 Ἰουδαίων
1167 1746 1433 1803 συνέδριον,
1480 1748 1559 1788 καὶ
1608 1742 1719 1789 ἄλλο

1289 1671 1600 1713 Καταλέλοιπε
1629 1666 1721 1727 γὰρ

293 1827 533 1882 συνέδριον
563 1824 640 1865 καὶ
671 1822 913 1876 ἐκκλησίαν
943 1821 1088 1880 ἑαυτῷ
1119 1829 1339 1879 πεποίηκε
1371 1822 1456 1879 τὴν
1495 1820 1588 1867 ἀπὸ
1629 1824 1720 1867 τῶν

295 1906 461 1950 ἐθνῶν.

407 1979 475 2024 16.
503 1974 667 2034 „Kazc‘c
682 1975 725 2032 ⁴)
764 1973 913 2035 μόνας
951 1973 1208 2033 ἐκαθήμην.

292 2060 492 2106 ἐνταῦθα
522 2054 780 2109 οἰκοδομεῖ·
814 2049 926 2097 ὅταν
952 2055 1129 2107 πλῆθος
1153 2043 1180 2113 ᾖ
1217 2049 1514 2111 ἁμαρτωλῶν,
1545 2056 1624 2096 καὶ
1651 2052 1716 2109 μὴ

293 2141 469 2196 φέρωσι
498 2130 579 2177 τὸν
607 2133 789 2175 δίκαιον
816 2132 1029 2185 βιοῦντα·
1061 2133 1138 2173 καὶ
1155 2128 1213 2178 ὥς
1239 2128 1375 2174 οὐδὲν
1398 2125 1575 2174 ἄτοπόν
1603 2131 1712 2185 ἔστι,

1216 1977 1246 1998 ιι
1392 1979 1404 1993 x
1484 1974 1496 1988 “
1549 1974 1590 1992 e'

1314 1980 1407 2018 Και
1444 1993 1498 2019 τα
1537 1993 1717 2036 ρηματα

294 2212 527 2275 φεύγοντα
567 2207 675 2265 τὸὸ)
718 2208 957 2266 συνέδριον
997 2210 1074 2262 τῆς
1111 2211 1269 2256 κακίας
1303 2203 1600 2263 μιμήσασθαι
1634 2207 1717 2251 τὸν

289 2290 500 2342 εἰπόντα·
541 2283 749 2342 ,,κατάὃ)
787 2283 932 2342 μόνας
965 2283 1267 2340 ἐκαθήμην-ίί
1307 2282 1603 2343 μιμήσασθαι
1631 2287 1709 2328 καὶ

287 2371 368 2415 τὸν
397 2370 587 2424 λέγοντα
612 2360 795 2405 Ἠλίαν·
827 2361 996 2420 „xi-915,
1018 2364 1058 2418 7)
1088 2360 1188 2411 τοὺς
1211 2359 1451 2419 προφήτας
1480 2377 1565 2407 σου
1592 2361 1709 2406 ἀπέ-

406 2493 446 2544 ι)
476 2489 633 2531 Jerem.
664 2488 759 2539 XV,
792 2488 855 2531 17.
887 2512 940 2520 -
968 2489 1101 2530 Deest
1137 2489 1220 2529 hoc
1257 2487 1355 2529 loco
1398 2484 1635 2550 ,,χειρός,“
1664 2488 1709 2530 in

288 2552 381 2594 edd.
409 2548 463 2589 H.
497 2555 538 2585 et
566 2543 618 2584 R.

401 2618 444 2671 2)
472 2615 627 2657 Jer'em.
658 2613 752 2664 XV,
784 2612 850 2656 17.
970 2615 1012 2670 3)
1044 2615 1194 2655 Matth.
1225 2613 1389 2665 XXIII,
1420 2613 1488 2658 38.

396 2688 439 2744 ⁴)
469 2685 626 2727 Jerem.
657 2682 752 2733 XV,
782 2682 847 2726 17.
969 2685 1011 2739 ⁵)
1044 2685 1177 2725 Deest
1206 2682 1314 2736 ,,τό“
1342 2684 1387 2725 in
1419 2684 1484 2726 ed.
1514 2684 1566 2725 R.

399 2758 443 2813 6)
473 2755 630 2798 Jerem.
659 2752 753 2803 XV,
786 2752 852 2796 17.

394 2827 435 2881 7)
468 2824 553 2867 Cfr.
586 2822 604 2863 Ῑ
633 2821 762 2874 Regg.
793 2822 911 2872 XIX,
945 2822 997 2866 14
1043 2823 1130 2879 (III
1161 2823 1310 2879 Regg.)
