1763 3112
290 91 373 135 432
739 102 796 130 Ex
825 89 1031 132 Onffimm
1063 89 1265 130 SELECTA

288 206 367 248 καὶ
413 202 719 248 πεσοῦνται.“
799 201 895 258 Τὴν
946 199 1039 258 γὰρ
1082 198 1275 246 κόλασιν
1320 197 1450 246 οἶνον
1497 200 1709 247 ἐκάλεσεν

289 278 501 341 ἄκρατον,
534 276 588 324 ὃν
616 281 833 322 πίνουσιν
863 279 906 322 οἱ
938 275 1137 336 ἀκράτου
1167 276 1396 329 κολάσεως
1426 275 1560 330 ι’ἔξιοι.
1601 275 1707 322 ’Ἀλ-

288 362 358 403 λοι
388 358 438 402 δὲ
469 358 752 414 κεκραμένην
788 360 975 399 πίνουσι
1005 352 1219 411 κόλασιν,
1263 352 1290 411 ἢ
1331 359 1408 400 καὶ
1450 356 1707 415 ἀκρατωτέ-

268 450 396 496 ραν·
418 431 742 494 ,,,ποτήριονἾ
782 431 874 491 γὰρ
904 432 955 476 ἐν
978 436 1101 493 χειρὶ
1129 437 1289 490 κυρίου
1325 438 1454 479 οἴνου
1489 430 1705 493 ἀκράτου,

288 517 453 571 πλῆρες
491 508 796 570 κεράσματος,
837 512 914 553 καὶ
954 511 1130 555 ἔκλινεν
1168 511 1219 554 ἐκ
1261 508 1423 556 τούτου
1453 513 1515 562 εἰς
1543 514 1705 555 τοῦτο·

287 590 408 646 πλὴν
439 589 460 634 ὁ
494 593 678 648 τρυγίας
709 587 846 631 αὐτοῦ
879 587 961 631 οὐκ
1002 586 1278 644 ἕξεκενώθη·
1317 593 1502 633 πίονται
1539 586 1709 638 πάντες

289 671 334 714 οἱ
364 666 626 726 ἁμαρτωλοὶ
656 668 733 720 τῆς
761 663 901 722 γῆς.“
949 660 1077 710 ’Ἐστι
1120 667 1172 710 δὲ
1214 668 1292 709 καὶ
1327 664 1547 725 ποτήριον
1576 666 1710 712 εὐλο-

285 750 405 804 γίας,
440 741 463 789 ὃ
493 749 710 788 πίνουσιν
741 745 784 786 οἱ
815 743 1009 787 δίκαιοι·
1061 737 1161 788 οἷον
1197 743 1247 787 τὸ
1287 745 1363 797 τῆς
1393 748 1583 802 σοφίας,
1631 747 1708 788 καὶ

289 822 400 881 ὅπερ
434 823 596 866 δίδωσι
627 825 720 870 τοῖς
747 825 976 879 μαθηταῖς
1005 822 1065 870 εἰς
1095 816 1265 879 ἄφεσιν
1293 819 1545 878 ἁμαρτιῶν.

399 902 583 956 ,,Καὶῖ)
629 897 682 943 οὐ
729 903 974 956 φείσομαι,
1022 901 1100 942 καὶ
1141 897 1224 944 οὐκ
1263 895 1578 958 οἰκτειρήσω.“
1643 897 1706 943 Τὸ

286 977 361 1021 δέ·
395 976 485 1032 ,,οὐ
516 980 753 1034 φείσομαι,
789 975 894 1020 οὐδὲ
927 973 1241 1036 οἷκτειρήσω.“
1300 978 1355 1020 Οἱ
1384 975 1480 1020 α’πὸ
1510 978 1602 1020 τῶν
1632 979 1708 1020 αἱ-
1748 971 1763 977 ”

286 1057 455 1114 ρέσεων
484 1054 815 1110 ἕπεμβαίνουσι
843 1056 905 1111 τῷ
936 1055 1227 1112 δημιουργῷ,
1270 1055 1346 1096 καὶ
1375 1057 1437 1111 τῷ
1468 1056 1559 1098 τῶν
1588 1072 1708 1113 προ-

286 1134 446 1191 φητῶν
493 1133 613 1187 θεῷ,
664 1130 937 1188 ἀγνοοῦντες
973 1129 1124 1176 πόσον
1162 1130 1346 1189 ἀγαθὸν
1388 1135 1708 1190 τιμωρηθῆναι

285 1207 389 1259 τοὺς
420 1206 768 1267 ἁμαρτάνοντας
805 1210 883 1251 καὶ
922 1207 1076 1257 αὐτοῖς
1111 1210 1189 1251 καὶ
1227 1213 1320 1258 τοῖς
1349 1203 1521 1265 ἄλλοις,
1555 1207 1614 1259 ὠς
1640 1209 1703 1267 μὴ

285 1285 362 1331 διὰ
391 1283 582 1330 πάντων
620 1287 819 1341 δοθῆναι
858 1282 941 1341 τὴν
970 1283 1121 1342 λύμην
1151 1283 1210 1335 ὠς
1240 1285 1289 1328 ἐκ
1316 1289 1482 1342 μέλους
1511 1303 1705 1343 νενοση-

283 1362 414 1414 κότος
445 1361 573 1407 ἅπαν
617 1361 667 1408 τὸ
710 1365 861 1421 σῶμα.
929 1361 1015 1407 Διὸ
1058 1365 1136 1407 καὶ
1164 1361 1377 1418 δικαστὴς
1405 1361 1595 1420 κολάζει,
1627 1368 1705 1410 καὶ

280 1445 526 1500 τέμνουσιν
554 1443 717 1498 ἰατροί.

628 1777 900 1839 Κεφάλαιον
930 1780 1350 1825 πεντεκαιδέκατον.

395 1897 513 1950 ,,Τίς
527 1892 571 1950 ³)
605 1896 825 1951 φείσεται,
860 1888 890 1947 ἢ
920 1896 984 1941 τίς
1000 1890 1217 1937 ὃειλιάσει
1241 1893 1318 1937 ἐπὶ
1345 1895 1485 1947 σοί;“
1513 1893 1588 1945 Ὡς
1608 1895 1700 1953 γὰρ

283 1971 432 2022 οὐδεὶς
462 1969 695 2030 ἀνθρώπῳ
725 1972 931 2028 πολεμίῳ
959 1972 1178 2025 βασιλέως
1207 1974 1492 2027 συνέρχεται,
1535 1974 1598 2029 τῷ
1632 1971 1695 2028 μῆ

281 2051 437 2094 δοκεῖν
466 2049 847 2107 δυσαρεστεῖσθαι
875 2044 1024 2103 ψήφῳ
1053 2049 1260 2108 βασιλικῇ
1303 2045 1444 2097 οὕτως
1483 2047 1591 2092 οὐδὲ
1619 2047 1699 2092 τὸν

280 2128 351 2186 ἐφ’
381 2125 623 2188 ἁμαρτίαις
654 2124 857 2186 ἀποβολῇ
887 2126 967 2169 τοῦ
997 2126 1123 2180 θεοῦ,
1158 2122 1216 2174 ὠς
1243 2125 1362 2182 μηδὲ
1386 2122 1548 2184 χώραν
1577 2126 1698 2183 ἔχειν

278 2206 428 2254 ἐλέους
465 2202 593 2265 παρὰ
631 2205 695 2261 τῷ
733 2199 1158 2262 φιλανθρωποτάτῳ
1194 2204 1312 2259 θεῷ,
1358 2205 1448 2247 τῶν
1489 2203 1699 2261 ἀγγέλων

279 2282 430 2332 οὐδεὶς
459 2278 518 2326 ἂν
547 2278 792 2337 ἐλεήσειεν·
837 2278 1004 2324 ὁποίαν
1033 2281 1119 2325 νῦν
1147 2278 1230 2335 τὴν
1254 2277 1547 2340 Ἰερουσαλὴμ
1578 2280 1696 2326 ὑπο-
1761 2307 1763 2313 «

277 2364 475 2414 τίθεται,
521 2356 819 2417 ἁμαρτοῦσαν
855 2357 944 2416 μὲν
980 2360 1042 2407 εἰς
1077 2355 1158 2401 τὸν
1182 2356 1383 2413 Ἰησοῦν,
1430 2356 1698 2402 ἀκούσασαν
1762 2378 1763 2386 ¹

279 2437 352 2482 ‹52¹-
382 2433 782 2493 ,,“Ιερουσαλὴμ,4)
812 2432 838 2490 ἡ
868 2434 1178 2480 ἀποκτείνασα
1207 2433 1312 2484 τοὺς
1335 2433 1587 2494 προφήτας,
1620 2439 1696 2480 καὶ

395 2611 434 2667 ¹)
467 2610 552 2652 Cfr.
584 2609 736 2650 Psalrn.
768 2609 938 2659 LXXV,
967 2610 1006 2653 8.
1037 2611 1076 2654 9.
1107 2610 1343 2666 (LXXIV.)

394 2679 436 2738 ²)
465 2681 621 2722 Jerem.
652 2679 774 2729 XIII,
809 2678 872 2721 14.
904 2679 1001 2720 coll.
1033 2680 1161 2722 Hom.
1189 2680 1291 2720 XII.

394 2752 436 2806 3)
471 2751 557 2792 Cfr.
587 2749 742 2791 Jerem.
771 2749 866 2799 XV,
897 2750 935 2792 5.
969 2749 1064 2791 coll.
1095 2749 1223 2790 Hom.
1253 2749 1371 2789 XIII.

394 2819 436 2872 4)
469 2820 556 2862 Cfr.
586 2819 736 2860 Matth.
765 2819 925 2870 XXIII,
955 2818 1021 2862 37.
1052 2818 1116 2863 38.
