1763 3112
238 60 323 105 402
674 57 893 100 Onmzms
923 70 969 99 m
999 56 1239 99 Jssmzmmm

242 173 505 229 relinquntur
552 171 594 213 in
641 185 700 210 ea.
782 169 1089 228 ‚,Exsiccate¹)
1135 185 1279 210 omnes
1331 167 1492 209 fructus
1542 167 1670 226 ejus.“

247 251 353 305 Quis
388 251 443 292 ita
473 252 620 291 beatus
653 258 726 298 cst,
757 259 803 288 ut
833 248 967 304 possit
999 248 1204 289 exsiccare
1237 262 1382 288 omnes
1413 247 1572 287 fructus
1589 256 1673 286 ter-

243 345 314 370 rae
349 329 681 376 Chaldaeorum,
723 337 764 366 et
805 327 1061 367 descendant
1090 326 1132 367 in
1166 324 1452 367 occisionem?
1498 325 1612 375 „Vae
1629 323 1671 379 2)

247 405 310 457 iis,
342 407 439 461 quia
471 404 583 445 venit
601 403 688 445 ‹lit-s
707 420 868 455 eorum,
902 416 941 445 et
965 417 1025 446 est
1053 417 1220 461 tempus
1248 404 1456 446 vindictae
1475 402 1673 444 eorum!“

361 484 398 526 G.
444 484 548 524 Post
594 483 697 523 haec
751 500 891 524 rursus
940 483 1110 525 alterius
1164 483 1337 539 capituli
1393 481 1671 523 continentia:

248 563 415 617 „vox³)
448 559 722 613 fuglentium,
765 572 805 601 et
845 561 1150 602 resalvatorum
1194 561 1245 600 de
1283 572 1392 602 terra
1425 559 1676 616 Babylonis,

248 641 301 680 ad
348 638 680 680 annuntiandum
727 638 920 679 Domino
966 651 1112 680 nostro
1161 638 1202 679 in
1252 638 1358 680 Sion
1405 639 1678 680 vindictam.“

246 716 314 757 De
346 715 407 756 his
438 732 548 757 nunc
579 716 820 773 prophetat,
855 717 927 774 qui
957 733 1098 759 mores
1128 716 1287 773 patrios
1305 716 1604 774 relinquentes,
1637 727 1678 757 et

247 795 360 848 leges
392 794 592 848 gentium,
627 807 667 836 et
697 794 1039 837 incredulitatem
1070 807 1277 850 veterem,
1308 795 1481 837 veniunt
1513 795 1565 836 ad
1596 811 1680 836 ser-

248 890 422 914 monem
449 873 547 915 Dei.
596 873 701 914 Tale
733 874 845 915 enim
871 874 1072 931 quiddam
1105 874 1359 928 significatur
1390 872 1432 914 in
1466 889 1530 927 eo,
1564 873 1679 929 quod

251 951 373 993 dicit:
408 968 521 1006 „vox
543 950 585 1008 4)
617 951 871 1006 fugientium
903 965 945 994 et
974 954 1278 995 resalvatorum
1323 953 1375 993 de
1405 963 1515 993 terra
1543 950 1682 1009 Baby-

248 1030 405 1071 lonis.“
464 1029 637 1071 Utinam
670 1043 711 1072 et
752 1044 912 1084 vestra,
957 1030 1271 1083 catechumeni,
1311 1046 1391 1071 vox
1431 1028 1682 1083 fugientium

252 1120 359 1150 esset
389 1108 441 1149 de
472 1108 712 1167 Babylone,
752 1109 1005 1162 fugientium
1044 1109 1168 1162 vitia,
1206 1107 1459 1161 fugientium
1489 1107 1682 1164 peccata!

251 1187 375 1240 „Vox
391 1186 432 1243 5)
468 1186 581 1226 enim
612 1187 866 1239 fugientium
910 1200 951 1228 et
989 1187 1339 1228 resalvatorum.“
1398 1188 1496 1228 Non
1527 1186 1684 1228 sufficit

250 1266 395 1317 sugere
429 1265 480 1305 de
510 1275 622 1306 terra
651 1263 896 1322 Babylonis,
927 1265 1002 1306 sed
1035 1276 1076 1305 et
1105 1262 1304 1304 resalvari
1336 1280 1384 1306 ex
1413 1276 1525 1306 terra
1546 1264 1684 1323 Baby-

255 1342 390 1396 lonis,
431 1342 483 1384 ad
523 1341 858 1384 annuntiandum
887 1341 931 1383 in
963 1341 1070 1385 Sion
1100 1341 1331 1383 vindictam
1362 1341 1555 1383 Domino
1585 1342 1682 1384 Deo

254 1433 427 1474 nostro,
469 1432 517 1462 ut
547 1420 754 1475 fugientes
786 1421 837 1462 de
867 1432 1001 1462 terrra
1030 1420 1261 1478 Babylonis
1294 1419 1468 1462 veniatis
1499 1421 1551 1462 ad
1581 1420 1687 1463 Sion

254 1499 611 1557 speculatorium,
662 1498 882 1540 ecclesiam
913 1498 1011 1540 Dei.
1091 1499 1188 1551 „Ad
1203 1499 1245 1555 6)
1285 1498 1615 1540 annuntiandum
1644 1498 1688 1539 in

257 1578 407 1630 Sion‚“
440 1576 483 1617 id
517 1587 591 1630 est,
625 1576 859 1631 ecclesiam,
892 1576 1122 1618 vindictam
1153 1576 1382 1618 aDomino
1400 1577 1496 1618 Deo
1526 1589 1685 1618 nostro.

255 1654 498 1698 Vindictam
529 1655 682 1711 populi
716 1653 802 1714 ejus
834 1656 1108 1708 „denuntiate
1127 1656 1168 1711 7)
1199 1654 1243 1696 in
1276 1654 1497 1713 Babylone
1528 1655 1686 1707 multis,

259 1733 376 1774 omni
408 1733 645 1774 intendenti
675 1737 863 1775 arcum.“
909 1733 1204 1787 Significanter
1226 1732 1415 1789 positum
1437 1745 1517 1776 est:
1550 1734 1688 1787 „mul-

256 1811 407 1869 tis.“⁸)
468 1811 601 1852 Multi
632 1811 746 1852 enim
776 1823 885 1864 sunt,
919 1811 991 1867 qui
1022 1811 1066 1852 in
1095 1810 1315 1869 Babylone
1347 1823 1456 1866 sunt,
1488 1812 1534 1853 in
1565 1814 1688 1854 Jeru-

258 1891 387 1931 salem
418 1905 518 1930 vero
550 1889 687 1945 pauci.
733 1890 832 1930 Non
864 1888 976 1929 enim
1006 1888 1182 1941 idcirco,
1214 1889 1286 1943 ait⁷
1319 1888 1467 1930 dilexit
1495 1905 1570 1931 vos
1595 1890 1689 1931 Do-

258 1968 396 2009 minus
435 1968 554 2008 Deus
585 1978 743 2021 vester,
792 1965 889 2023 quia
924 1965 1050 2006 multi
1091 1965 1235 2007 eratis:
1276 1981 1351 2006 vos
1391 1966 1550 2022 quippe
1591 1967 1686 2009 estis

258 2046 383 2103 pauci
413 2047 464 2088 ab
496 2045 704 2087 omnibus.
770 2044 827 2085 Et
856 2045 965 2084 bene
994 2043 1082 2095 his,
1114 2042 1185 2100 qui
1217 2060 1264 2084 ex
1295 2054 1413 2100 parte
1444 2044 1530 2085 Dei
1560 2057 1690 2098 erant,

261 2123 421 2164 dictum
460 2135 542 2177 est,
587 2122 712 2180 pauci
752 2122 849 2164 estis
891 2137 940 2164 ex
980 2121 1176 2164 omnibus
1214 2120 1418 2175 gentibus.
1495 2122 1691 2176 Intellige

259 2218 392 2258 porro
433 2214 474 2243 et
514 2202 616 2244 hoc:
655 2202 780 2258 pauci
819 2210 936 2254 sunt,
975 2199 1048 2257 qui
1086 2199 1310 2242 salvantur.
1371 2200 1458 2242 Sed
1490 2212 1530 2242 et
1561 2200 1690 2242 illud:

260 2280 533 2331 „contendite
550 2280 593 2338 ⁹)
626 2279 781 2321 intrare
811 2295 890 2336 per
919 2289 1133 2332 angustam
1164 2284 1376 2334 portam.“
1429 2278 1480 2319 In
1510 2278 1591 2320 lata
1622 2295 1692 2320 au-

260 2368 348 2399 tem
380 2370 421 2399 et
449 2357 612 2415 patenti
643 2357 915 2411 „annuntiate
936 2357 1002 2413 ¹⁰)
1041 2356 1085 2398 in
1115 2356 1336 2414 Babylone
1367 2356 1534 2409 multis,
1576 2356 1693 2399 omni

381 2539 421 2597 ¹)
452 2539 608 2582 Jerem.
639 2540 688 2590 L,
718 2539 785 2584 27.
938 2540 982 2596 2)
1011 2540 1170 2582 Jerem.
1198 2540 1247 2591 L,
1276 2539 1345 2585 27.

381 2611 425 2668 3)
458 2610 545 2653 Cfr.
575 2610 732 2652 Jerem.
763 2610 810 2660 L,
843 2607 910 2655 28.
1032 2610 1074 2667 ⁴)
1105 2611 1263 2651 Jerem.
1293 2611 1342 2661 L,
1372 2609 1440 2655 28.

380 2681 422 2738 ⁵)
452 2681 610 2723 Jerem.
640 2681 688 2732 L,
719 2679 786 2723 28.
965 2681 1009 2738 ⁶)
1037 2680 1198 2723 Jerem.
1227 2680 1275 2723 L.
1307 2679 1375 2725 28.

379 2751 421 2808 ⁷)
450 2752 607 2794 Jerem.
637 2752 684 2802 L,
714 2749 782 2795 28.
813 2750 881 2795 29.
1002 2749 1046 2807 ⁸)
1075 2752 1231 2793 Jerem.
1261 2751 1310 2803 L,
1340 2750 1408 2795 29.

379 2822 422 2878 9)
452 2821 552 2864 Luc.
585 2821 707 2872 XIII,
737 2819 805 2865 24.
929 2821 997 2878 ¹⁰)
1034 2820 1119 2863 Cfr.
1150 2823 1307 2864 Jerem.
1336 2819 1385 2873 L,
1413 2819 1482 2867 29.
