1763 3112
584 103 630 131 m
658 90 910 131 JEREMIAM.
1374 86 1456 130 429

52 202 282 259 κούσομαί
308 217 406 256 σου,
442 201 533 244 ἀλλ’
568 201 739 256 αὐτῶν,
772 197 951 248 δεικνύς
981 196 1048 243 ὅτι
1077 201 1155 242 καὶ
1184 196 1283 242 τότε
1311 214 1453 254 μετα-

51 278 294 334 νοούντων,
326 276 408 322 ἒιὶν
437 275 621 338 αἰτήσῃς
649 276 766 334 ὑπὲρ
796 276 962 332 αὐτῶν,
991 273 1334 339 εἰσακούσομαι.

454 593 725 653 Κεφάλαιον
762 595 1036 640 δωδέκατον.

155 705 452 764 ,,’Ἀγνισον’)
486 705 649 756 αὐτούς
678 710 738 755 εἰς
767 703 944 764 ἡμέραν
974 710 1207 765 σφαγῆς.“
1266 708 1334 752 Δι’
1369 708 1455 752 αὐ-

42 788 119 840 τῆς
147 783 306 833 αὐτούς
349 782 541 842 ἅγνισον
569 788 647 838 τῆς
676 786 882 842 σφαγῆς·
920 781 1010 839 ,,ὃν
1052 784 1142 842 γὰρ
1182 785 1341 844 ἀγαπᾷ
1371 785 1453 830 κύ-

44 879 152 920 ριος,
182 859 440 905 παιδεύειὲί

156 937 350 995 ,ξἘωςῖ)
381 935 490 982 πότε
520 935 740 992 πενθήσει
772 935 796 990 ἦ
828 938 958 994 γῆ,·“
987 940 1048 980 Εἴ
1066 941 1253 996 λογικοῦ
1274 937 1320 982 τὸ
1341 942 1457 983 πέν-

41 1022 146 1071 θος,
191 1015 271 1059 τὸν
317 1012 515 1072 ἄγγελον
547 1011 800 1070 ὁμωνύμως
830 1016 964 1069 δηλοῖ
988 1013 1068 1058 τὸν
1099 1013 1377 1073 ἐφεστηκότα
1407 1020 1457 1077 τῇ

42 1096 99 1154 γῇ
129 1091 243 1149 πρὸς
274 1091 492 1142 διάταξιν.
535 1089 595 1134 Ἡ
620 1092 669 1135 δὲ
699 1088 879 1146 τοιαύτη
908 1094 966 1149 γῆ
998 1090 1024 1147 ἢ
1055 1097 1221 1137 πενθεῖ
1248 1091 1339 1135 ἀπὸ
1371 1109 1456 1135 κα-

43 1175 143 1219 κίας
171 1172 263 1213 τῶν
293 1167 627 1214 κατοικούντων
656 1169 706 1212 ἐν
737 1168 862 1229 αὐτῇ,
894 1166 921 1223 ἢ
953 1169 1244 1226 εὐφραίνεται
1271 1168 1360 1214 ἀπὸ
1381 1173 1457 1223 τῆς

42 1246 192 1290 αὐτῶν
220 1246 393 1304 ἀρετῆς.

153 1323 255 1379 „AB
275 1323 318 1379 ⁴)
347 1323 426 1380 ἐμὲ
457 1322 708 1380 ἀφανισμῷ
736 1321 973 1380 ἠφανίσθη
995 1325 1123 1366 πᾶσα
1152 1321 1179 1376 ἦ
1210 1323 1323 1380 γῆ.“
1368 1325 1456 1365 Εἴ-

40 1418 143 1450 ποις
172 1399 212 1444 δ’
248 1397 306 1444 ἂν
335 1396 618 1456 ὑψηλότερον
647 1397 723 1443 τό·
765 1398 855 1454 ,,δι’
878 1401 920 1456 ⁵)
951 1399 1032 1456 ἐμὲ
1063 1399 1298 1458 ἠφανίσθη
1329 1402 1456 1444 πᾶσα

41 1478 65 1535 ἡ
96 1479 207 1536 γῆ.“
267 1480 468 1536 Χριστοῦ
498 1476 591 1535 γὰρ
621 1473 851 1532 ἐλθόντος,
884 1479 960 1520 καὶ
991 1475 1069 1520 διὰ
1098 1479 1175 1531 τῆς
1205 1476 1349 1521 αὐτοῦ
1381 1478 1455 1521 δι-

41 1557 289 1604 δασκαλίας
326 1557 646 1611 νεκρωθέντων
682 1553 815 1610 ἡμῶν
853 1555 945 1597 τῶν
973 1556 1149 1610 μελῶν,
1192 1551 1216 1606 ἦ
1261 1553 1312 1597 ἓν
1342 1551 1456 1612 ἡμῖν

41 1630 289 1692 ἠφάνισται
322 1634 406 1690 γῆ,
445 1635 521 1687 τῆς
562 1630 726 1688 σαρκὸς
754 1634 912 1687 μηκέτι
943 1628 1163 1686 ποιούσης
1191 1628 1244 1673 τὰ
1280 1631 1453 1685 ἑαυτῆς.

151 1708 272 1766 ,ξΌτι
286 1708 328 1765 ⁶)
360 1705 566 1766 μάχαιρα
600 1712 758 1764 κυρίου
790 1704 1126 1764 καταφάγεται.
1182 1705 1229 1751 Ὁ
1258 1707 1349 1768 γὰρ
1379 1709 1455 1752 ἕλ-

41 1786 139 1831 θών
165 1789 323 1843 βαλεῖν
350 1783 607 1844 μάχαιραν,
648 1786 853 1842 διέτεμεν
894 1781 1100 1838 ἀλλήλων
1139 1783 1193 1828 τὰ
1233 1784 1457 1845 πρότερον

42 1849 330 1923 εἶρηνεύοντα
360 1865 522 1917 κακῶς,
552 1863 737 1916 πνεῦμα
769 1864 846 1904 καὶ
882 1858 1048 1920 σάρκα.
1111 1859 1223 1907 Τότε
1251 1860 1343 1922 γὰρ
1373 1862 1456 1907 οὐκ

41 1939 306 1998 ἐπεθύμουν
335 1938 426 1983 κατ’
462 1936 683 1992 ἀλλήλων.
752 1936 800 1981 ‘0
840 1938 889 1981 δὲ
931 1936 1118 1988 διδάξας
1161 1936 1215 1982 τὰ
1245 1939 1456 1997 ἑκατέρου

42 2022 181 2078 ἔργα,
226 2019 440 2073 βέβληκεν
483 2011 716 2072 μάχαιραν
764 2016 814 2059 ἐν
854 2013 970 2071 ἡμῖν
1018 2013 1099 2059 τὸν
1138 2016 1260 2060 ἴδιον
1297 2014 1453 2074 λόγον.

40 2100 132 2141 Καὶ
161 2094 242 2150 τὴν
273 2095 473 2151 Χριστοῦ
507 2095 725 2150 νέκρωσιν
756 2092 806 2135 ἕν
830 2092 1004 2141 ἑαυτοῖς
1022 2095 1346 2151 περιφέρομεν,
1379 2094 1456 2136 καὶ

41 2177 86 2234 ζῇ
120 2172 166 2218 τὸ
198 2175 380 2228 πνεῦμα
410 2167 637 2224 θανούσης
679 2166 793 2225 ἡμῖν
830 2172 908 2224 τῆς
947 2166 1124 2227 σαρκός.
1189 2168 1268 2214 Ἐν
1299 2170 1456 2227 ἐκείνῳ

40 2251 145 2309 γὰρ,
179 2249 260 2294 οὐκ
291 2249 341 2292 ἒν
369 2245 504 2308 ταύτῃ
534 2250 803 2303 σπείρομεν,
837 2249 914 2290 ἵνα
943 2245 1004 2303 μὴ
1037 2250 1297 2305 θερίσωμεν
1327 2253 1452 2306 φθο-

42 2326 142 2388 ρὰν,
173 2324 288 2370 ἀλλὰ
320 2322 438 2378 ζωὴν
469 2322 665 2368 αἰώνιον.

159 2460 200 2514 ¹)
231 2456 388 2499 Jerem.
419 2457 518 2507 XII,
548 2456 585 2500 3.
619 2457 715 2498 coll.
747 2457 934 2498 Homilia
963 2457 1017 2497 Χ.

157 2528 198 2583 ²)
230 2527 359 2568 Hebr.
391 2528 491 2577 XII,
522 2525 560 2568 6.

157 2599 200 2653 3)
229 2598 385 2639 Jerem.
416 2598 515 2647 XII,
547 2596 585 2638 4.
619 2596 716 2638 coll.
747 2596 936 2638 Homilia
964 2598 1016 2637 X.

159 2668 200 2723 ⁴)
230 2667 384 2708 Jerem.
415 2667 512 2716 XIl,
546 2667 609 2710 11.
642 2666 742 2707 coll.
775 2666 961 2707 Homilia
989 2667 1044 2708 X.

162 2738 202 2792 5)
231 2735 388 2778 Jerem.
418 2736 514 2786 ΧΠ,
546 2736 608 2780 11.

159 2807 200 2863 6)
229 2805 384 2847 Jerem.
415 2806 514 2856 XII,
545 2806 606 2848 12.
642 2807 741 2847 coll.
773 2806 897 2847 Hom.
929 2806 980 2848 X.
