<?xml version="1.0" encoding="UTF-8"?>
<!DOCTYPE html PUBLIC "-//W3C//DTD XHTML 1.0 Transitional//EN"
    "http://www.w3.org/TR/xhtml1/DTD/xhtml1-transitional.dtd">
<html xmlns="http://www.w3.org/1999/xhtml" xml:lang="en" lang="en">
 <head>
  <title>
</title>
<meta http-equiv="Content-Type" content="text/html;charset=utf-8" />
  <meta name='ocr-system' content='tesseract 3.04.00' />
  <meta name='ocr-capabilities' content='ocr_page ocr_carea ocr_par ocr_line ocrx_word'/>
</head>
<body>
  <div class='ocr_page' id='page_1' title='image "./operaomniaquaegr15orig/operaomniaquaegr15orig_0019.png"; bbox 0 0 1734 3112; ppageno 0'>
   <div class='ocr_carea' id='block_1_1' title="bbox 649 77 1496 127">
    <p class='ocr_par' dir='ltr' id='par_1_1' title="bbox 649 77 1496 127">
     <span class='ocr_line' id='line_1_1' title="bbox 649 77 1496 127; baseline 0.008 -7"><span class='ocrx_word' id='word_1_1' title='bbox 649 78 728 121; x_wconf 74' lang='lat' dir='ltr'>Lus</span> <span class='ocrx_word' id='word_1_2' title='bbox 737 89 796 120; x_wconf 71' lang='lat' dir='ltr'>nit</span> <span class='ocrx_word' id='word_1_3' title='bbox 827 77 907 120; x_wconf 90' lang='lat' dir='ltr'><strong>III.</strong></span> <span class='ocrx_word' id='word_1_4' title='bbox 1470 85 1496 127; x_wconf 82' lang='lat'><strong><em>5</em></strong></span> 
     </span>
    </p>
   </div>
   <div class='ocr_carea' id='block_1_2' title="bbox 0 190 1496 2120">
    <p class='ocr_par' dir='ltr' id='par_1_2' title="bbox 0 190 1496 2120">
     <span class='ocr_line' id='line_1_2' title="bbox 61 190 1496 248; baseline -0.004 -12"><span class='ocrx_word' id='word_1_5' title='bbox 61 194 149 236; x_wconf 81' lang='lat' dir='ltr'>bita</span> <span class='ocrx_word' id='word_1_6' title='bbox 178 194 229 235; x_wconf 89' lang='lat' dir='ltr'>sit</span> <span class='ocrx_word' id='word_1_7' title='bbox 261 192 432 235; x_wconf 83' lang='lat' dir='ltr'>adscisci</span> <span class='ocrx_word' id='word_1_8' title='bbox 472 192 524 233; x_wconf 80' lang='lat' dir='ltr'>ad</span> <span class='ocrx_word' id='word_1_9' title='bbox 556 191 817 233; x_wconf 86' lang='lat' dir='ltr'><strong>consortium</strong></span> <span class='ocrx_word' id='word_1_10' title='bbox 850 190 967 232; x_wconf 89' lang='lat' dir='ltr'>verbi</span> <span class='ocrx_word' id='word_1_11' title='bbox 997 190 1094 231; x_wconf 83' lang='lat' dir='ltr'>Dei.</span> <span class='ocrx_word' id='word_1_12' title='bbox 1156 192 1291 248; x_wconf 87' lang='lat' dir='ltr'>quue</span> <span class='ocrx_word' id='word_1_13' title='bbox 1322 197 1496 238; x_wconf 72' lang='lat' dir='ltr'>umbro-</span> 
     </span>
     <span class='ocr_line' id='line_1_3' title="bbox 60 268 1495 327; baseline 0.001 -14"><span class='ocrx_word' id='word_1_14' title='bbox 60 289 173 322; x_wconf 87' lang='lat' dir='ltr'>sum,</span> <span class='ocrx_word' id='word_1_15' title='bbox 215 281 363 327; x_wconf 85' lang='lat' dir='ltr'>utpote</span> <span class='ocrx_word' id='word_1_16' title='bbox 401 285 488 310; x_wconf 89' lang='lat' dir='ltr'>non</span> <span class='ocrx_word' id='word_1_17' title='bbox 529 268 719 321; x_wconf 81' lang='lat' dir='ltr'>aridum,</span> <span class='ocrx_word' id='word_1_18' title='bbox 760 270 834 310; x_wconf 85' lang='lat' dir='ltr'>sed</span> <span class='ocrx_word' id='word_1_19' title='bbox 871 269 1140 310; x_wconf 85' lang='lat' dir='ltr'>fructuosum</span> <span class='ocrx_word' id='word_1_20' title='bbox 1169 283 1404 323; x_wconf 83' lang='lat' dir='ltr'>memorat,</span> <span class='ocrx_word' id='word_1_21' title='bbox 1454 286 1495 315; x_wconf 89' lang='lat' dir='ltr'>et</span> 
     </span>
     <span class='ocr_line' id='line_1_4' title="bbox 59 345 1494 406; baseline 0.001 -15"><span class='ocrx_word' id='word_1_22' title='bbox 59 362 256 406; x_wconf 76' lang='lat' dir='ltr'><strong>tanquam</strong></span> <span class='ocrx_word' id='word_1_23' title='bbox 307 345 510 389; x_wconf 85' lang='lat' dir='ltr'>densitate</span> <span class='ocrx_word' id='word_1_24' title='bbox 561 346 665 387; x_wconf 90' lang='lat' dir='ltr'>boni</span> <span class='ocrx_word' id='word_1_25' title='bbox 714 346 855 402; x_wconf 86' lang='lat' dir='ltr'>operis</span> <span class='ocrx_word' id='word_1_26' title='bbox 903 361 1190 389; x_wconf 86' lang='lat' dir='ltr'>nemorosum.</span> <span class='ocrx_word' id='word_1_27' title='bbox 1255 347 1341 390; x_wconf 88' lang='lat' dir='ltr'>Sed</span> <span class='ocrx_word' id='word_1_28' title='bbox 1392 349 1494 392; x_wconf 85' lang='lat' dir='ltr'>haec</span> 
     </span>
     <span class='ocr_line' id='line_1_5' title="bbox 60 423 1489 484; baseline 0.001 -15"><span class='ocrx_word' id='word_1_29' title='bbox 60 442 211 484; x_wconf 87' lang='lat' dir='ltr'>sponsa</span> <span class='ocrx_word' id='word_1_30' title='bbox 244 425 359 475; x_wconf 88' lang='lat' dir='ltr'>dicit,</span> <span class='ocrx_word' id='word_1_31' title='bbox 391 423 528 466; x_wconf 86' lang='lat' dir='ltr'>anima</span> <span class='ocrx_word' id='word_1_32' title='bbox 560 425 780 474; x_wconf 80' lang='lat' dir='ltr'><strong>duntaxat,</strong></span> <span class='ocrx_word' id='word_1_33' title='bbox 821 440 925 481; x_wconf 83' lang='lat' dir='ltr'>quae</span> <span class='ocrx_word' id='word_1_34' title='bbox 971 424 1196 466; x_wconf 86' lang='lat' dir='ltr'>columbae</span> <span class='ocrx_word' id='word_1_35' title='bbox 1227 425 1310 482; x_wconf 86' lang='lat' dir='ltr'>jam</span> <span class='ocrx_word' id='word_1_36' title='bbox 1341 429 1489 470; x_wconf 90' lang='lat' dir='ltr'>oculos</span> 
     </span>
     <span class='ocr_line' id='line_1_6' title="bbox 58 501 1493 559; baseline 0.001 -14"><span class='ocrx_word' id='word_1_37' title='bbox 58 505 194 545; x_wconf 87' lang='lat' dir='ltr'>habet.</span> <span class='ocrx_word' id='word_1_38' title='bbox 254 502 311 544; x_wconf 90' lang='lat' dir='ltr'>Hi</span> <span class='ocrx_word' id='word_1_39' title='bbox 340 517 467 551; x_wconf 80' lang='lat' dir='ltr'>vem,</span> <span class='ocrx_word' id='word_1_40' title='bbox 513 501 583 559; x_wconf 91' lang='lat' dir='ltr'>qui</span> <span class='ocrx_word' id='word_1_41' title='bbox 614 502 911 543; x_wconf 84' lang='lat' dir='ltr'>tantummodo</span> <span class='ocrx_word' id='word_1_42' title='bbox 953 502 1129 543; x_wconf 89' lang='lat' dir='ltr'>credunt</span> <span class='ocrx_word' id='word_1_43' title='bbox 1173 519 1357 559; x_wconf 86' lang='lat' dir='ltr'>sponso,</span> <span class='ocrx_word' id='word_1_44' title='bbox 1406 523 1493 549; x_wconf 89' lang='lat' dir='ltr'>non</span> 
     </span>
     <span class='ocr_line' id='line_1_7' title="bbox 57 578 1487 640; baseline 0.002 -18"><span class='ocrx_word' id='word_1_45' title='bbox 57 593 196 622; x_wconf 82' lang='lat' dir='ltr'>tamen</span> <span class='ocrx_word' id='word_1_46' title='bbox 225 579 466 637; x_wconf 84' lang='lat' dir='ltr'>perspicere</span> <span class='ocrx_word' id='word_1_47' title='bbox 496 590 730 636; x_wconf 84' lang='lat' dir='ltr'>potuerunt</span> <span class='ocrx_word' id='word_1_48' title='bbox 759 579 803 620; x_wconf 88' lang='lat' dir='ltr'>in</span> <span class='ocrx_word' id='word_1_49' title='bbox 833 580 964 620; x_wconf 84' lang='lat' dir='ltr'>verbo</span> <span class='ocrx_word' id='word_1_50' title='bbox 992 578 1091 629; x_wconf 82' lang='lat' dir='ltr'>Dei,</span> <span class='ocrx_word' id='word_1_51' title='bbox 1123 592 1277 637; x_wconf 80' lang='lat' dir='ltr'>quanta</span> <span class='ocrx_word' id='word_1_52' title='bbox 1307 582 1360 624; x_wconf 87' lang='lat' dir='ltr'>sit</span> <span class='ocrx_word' id='word_1_53' title='bbox 1389 585 1487 640; x_wconf 85' lang='lat' dir='ltr'>pul·</span> 
     </span>
     <span class='ocr_line' id='line_1_8' title="bbox 59 655 1490 711; baseline 0.003 -12"><span class='ocrx_word' id='word_1_54' title='bbox 59 657 274 708; x_wconf 89' lang='lat' dir='ltr'>chritudo,</span> <span class='ocrx_word' id='word_1_55' title='bbox 322 657 488 699; x_wconf 88' lang='lat' dir='ltr'>dicunt:</span> <span class='ocrx_word' id='word_1_56' title='bbox 539 656 674 711; x_wconf 87' lang='lat' dir='ltr'>„et¹)</span> <span class='ocrx_word' id='word_1_57' title='bbox 717 655 896 699; x_wconf 79' lang='lat' dir='ltr'>vidimus</span> <span class='ocrx_word' id='word_1_58' title='bbox 937 673 1056 707; x_wconf 88' lang='lat' dir='ltr'>eum,</span> <span class='ocrx_word' id='word_1_59' title='bbox 1102 668 1143 698; x_wconf 88' lang='lat' dir='ltr'>et</span> <span class='ocrx_word' id='word_1_60' title='bbox 1181 674 1270 701; x_wconf 89' lang='lat' dir='ltr'>non</span> <span class='ocrx_word' id='word_1_61' title='bbox 1307 660 1490 703; x_wconf 85' lang='lat' dir='ltr'>habebat</span> 
     </span>
     <span class='ocr_line' id='line_1_9' title="bbox 0 731 1492 793; baseline 0.003 -17"><span class='ocrx_word' id='word_1_62' title='bbox 0 731 2 736; x_wconf 52' lang='grc'>’</span> <span class='ocrx_word' id='word_1_63' title='bbox 56 735 261 792; x_wconf 87' lang='lat' dir='ltr'>speciem,</span> <span class='ocrx_word' id='word_1_64' title='bbox 305 751 442 792; x_wconf 87' lang='lat' dir='ltr'>neque</span> <span class='ocrx_word' id='word_1_65' title='bbox 490 736 709 784; x_wconf 83' lang='lat' dir='ltr'>decorem,</span> <span class='ocrx_word' id='word_1_66' title='bbox 761 735 834 776; x_wconf 84' lang='lat' dir='ltr'>sed</span> <span class='ocrx_word' id='word_1_67' title='bbox 873 734 1034 790; x_wconf 84' lang='lat' dir='ltr'>species</span> <span class='ocrx_word' id='word_1_68' title='bbox 1083 734 1169 793; x_wconf 85' lang='lat' dir='ltr'>ejus</span> <span class='ocrx_word' id='word_1_69' title='bbox 1209 736 1411 780; x_wconf 82' lang='lat' dir='ltr'>indecora</span> <span class='ocrx_word' id='word_1_70' title='bbox 1450 751 1492 781; x_wconf 86' lang='lat' dir='ltr'>et</span> 
     </span>
     <span class='ocr_line' id='line_1_10' title="bbox 57 810 1492 873; baseline 0.003 -19"><span class='ocrx_word' id='word_1_71' title='bbox 57 813 254 855; x_wconf 85' lang='lat' dir='ltr'>deficiens</span> <span class='ocrx_word' id='word_1_72' title='bbox 293 829 394 869; x_wconf 86' lang='lat' dir='ltr'>prae</span> <span class='ocrx_word' id='word_1_73' title='bbox 434 811 533 854; x_wconf 84' lang='lat' dir='ltr'>filiis</span> <span class='ocrx_word' id='word_1_74' title='bbox 572 811 838 854; x_wconf 88' lang='lat' dir='ltr'>hominum.“</span> <span class='ocrx_word' id='word_1_75' title='bbox 900 810 1022 865; x_wconf 84' lang='lat' dir='ltr'>Quae</span> <span class='ocrx_word' id='word_1_76' title='bbox 1061 824 1203 855; x_wconf 87' lang='lat' dir='ltr'>autem</span> <span class='ocrx_word' id='word_1_77' title='bbox 1242 815 1350 857; x_wconf 88' lang='lat' dir='ltr'>bene</span> <span class='ocrx_word' id='word_1_78' title='bbox 1391 833 1492 873; x_wconf 89' lang='lat' dir='ltr'>pro-</span> 
     </span>
     <span class='ocr_line' id='line_1_11' title="bbox 54 889 1492 947; baseline 0.003 -15"><span class='ocrx_word' id='word_1_79' title='bbox 54 890 178 942; x_wconf 82' lang='lat' dir='ltr'>fecit,</span> <span class='ocrx_word' id='word_1_80' title='bbox 224 902 267 932; x_wconf 86' lang='lat' dir='ltr'>et</span> <span class='ocrx_word' id='word_1_81' title='bbox 309 906 576 946; x_wconf 86' lang='lat' dir='ltr'>supergressa</span> <span class='ocrx_word' id='word_1_82' title='bbox 620 902 681 931; x_wconf 88' lang='lat' dir='ltr'>est</span> <span class='ocrx_word' id='word_1_83' title='bbox 727 889 1141 931; x_wconf 82' lang='lat' dir='ltr'>adolescentularum</span> <span class='ocrx_word' id='word_1_84' title='bbox 1189 903 1231 933; x_wconf 90' lang='lat' dir='ltr'>et</span> <span class='ocrx_word' id='word_1_85' title='bbox 1277 894 1492 947; x_wconf 83' lang='lat' dir='ltr'>octoginta</span> 
     </span>
     <span class='ocr_line' id='line_1_12' title="bbox 55 967 1493 1021; baseline 0.003 -11"><span class='ocrx_word' id='word_1_86' title='bbox 55 967 396 1019; x_wconf 84' lang='lat' dir='ltr'>concubinarum,</span> <span class='ocrx_word' id='word_1_87' title='bbox 429 979 469 1009; x_wconf 90' lang='lat' dir='ltr'>et</span> <span class='ocrx_word' id='word_1_88' title='bbox 499 967 707 1021; x_wconf 84' lang='lat' dir='ltr'>sexaginta</span> <span class='ocrx_word' id='word_1_89' title='bbox 737 967 975 1020; x_wconf 81' lang='lat' dir='ltr'>reginarum</span> <span class='ocrx_word' id='word_1_90' title='bbox 1008 968 1216 1019; x_wconf 82' lang='lat' dir='ltr'>ordinem,</span> <span class='ocrx_word' id='word_1_91' title='bbox 1248 969 1325 1012; x_wconf 90' lang='lat' dir='ltr'>ista</span> <span class='ocrx_word' id='word_1_92' title='bbox 1356 972 1493 1013; x_wconf 76' lang='lat' dir='ltr'>anima</span> 
     </span>
     <span class='ocr_line' id='line_1_13' title="bbox 52 1045 1489 1106; baseline 0.001 -18"><span class='ocrx_word' id='word_1_93' title='bbox 52 1057 195 1104; x_wconf 86' lang='lat' dir='ltr'>potest</span> <span class='ocrx_word' id='word_1_94' title='bbox 226 1045 385 1088; x_wconf 90' lang='lat' dir='ltr'>dicere:</span> <span class='ocrx_word' id='word_1_95' title='bbox 418 1062 543 1096; x_wconf 88' lang='lat' dir='ltr'>„ecce</span> <span class='ocrx_word' id='word_1_96' title='bbox 562 1046 619 1102; x_wconf 82' lang='lat'>2),</span> <span class='ocrx_word' id='word_1_97' title='bbox 651 1061 693 1087; x_wconf 89' lang='lat' dir='ltr'>es</span> <span class='ocrx_word' id='word_1_98' title='bbox 724 1046 904 1087; x_wconf 88' lang='lat' dir='ltr'>decorus</span> <span class='ocrx_word' id='word_1_99' title='bbox 927 1047 1136 1088; x_wconf 78' lang='lat' dir='ltr'>fraternus</span> <span class='ocrx_word' id='word_1_100' title='bbox 1158 1063 1292 1099; x_wconf 89' lang='lat' dir='ltr'>meus,</span> <span class='ocrx_word' id='word_1_101' title='bbox 1325 1061 1367 1090; x_wconf 91' lang='lat' dir='ltr'>et</span> <span class='ocrx_word' id='word_1_102' title='bbox 1399 1050 1489 1106; x_wconf 88' lang='lat' dir='ltr'>qui-</span> 
     </span>
     <span class='ocr_line' id='line_1_14' title="bbox 55 1123 1490 1182; baseline 0.003 -17"><span class='ocrx_word' id='word_1_103' title='bbox 55 1126 151 1166; x_wconf 88' lang='lat' dir='ltr'>dem</span> <span class='ocrx_word' id='word_1_104' title='bbox 191 1124 418 1180; x_wconf 86' lang='lat' dir='ltr'>speciosus.</span> <span class='ocrx_word' id='word_1_105' title='bbox 432 1128 456 1148; x_wconf 90' lang='lat'><strong>“</strong></span> <span class='ocrx_word' id='word_1_106' title='bbox 517 1124 604 1166; x_wconf 89' lang='lat' dir='ltr'>Sed</span> <span class='ocrx_word' id='word_1_107' title='bbox 633 1135 674 1165; x_wconf 87' lang='lat' dir='ltr'>et</span> <span class='ocrx_word' id='word_1_108' title='bbox 711 1123 746 1165; x_wconf 88' lang='lat' dir='ltr'>si</span> <span class='ocrx_word' id='word_1_109' title='bbox 776 1125 912 1166; x_wconf 80' lang='lat' dir='ltr'>adhuc</span> <span class='ocrx_word' id='word_1_110' title='bbox 943 1124 986 1166; x_wconf 91' lang='lat' dir='ltr'>in</span> <span class='ocrx_word' id='word_1_111' title='bbox 1020 1141 1200 1182; x_wconf 87' lang='lat' dir='ltr'>corpore</span> <span class='ocrx_word' id='word_1_112' title='bbox 1230 1126 1397 1182; x_wconf 89' lang='lat' dir='ltr'>positus</span> <span class='ocrx_word' id='word_1_113' title='bbox 1428 1127 1490 1169; x_wconf 86' lang='lat' dir='ltr'>in—</span> 
     </span>
     <span class='ocr_line' id='line_1_15' title="bbox 52 1200 1491 1260; baseline 0.002 -16"><span class='ocrx_word' id='word_1_114' title='bbox 52 1202 239 1255; x_wconf 83' lang='lat' dir='ltr'>telligam</span> <span class='ocrx_word' id='word_1_115' title='bbox 270 1201 518 1244; x_wconf 80' lang='lat' dir='ltr'>densitatem</span> <span class='ocrx_word' id='word_1_116' title='bbox 549 1200 834 1258; x_wconf 78' lang='lat' dir='ltr'>spiritualium</span> <span class='ocrx_word' id='word_1_117' title='bbox 864 1219 1083 1253; x_wconf 90' lang='lat' dir='ltr'>sensuum,</span> <span class='ocrx_word' id='word_1_118' title='bbox 1126 1214 1165 1244; x_wconf 89' lang='lat' dir='ltr'>et</span> <span class='ocrx_word' id='word_1_119' title='bbox 1179 1203 1221 1260; x_wconf 83' lang='lat'>³)</span> <span class='ocrx_word' id='word_1_120' title='bbox 1253 1203 1491 1258; x_wconf 86' lang='lat' dir='ltr'>intelligen-</span> 
     </span>
     <span class='ocr_line' id='line_1_16' title="bbox 52 1279 1492 1337; baseline 0.003 -15"><span class='ocrx_word' id='word_1_121' title='bbox 52 1281 154 1322; x_wconf 80' lang='lat' dir='ltr'>tiam</span> <span class='ocrx_word' id='word_1_122' title='bbox 193 1280 496 1337; x_wconf 83' lang='lat' dir='ltr'>scripturarum</span> <span class='ocrx_word' id='word_1_123' title='bbox 539 1279 776 1320; x_wconf 81' lang='lat' dir='ltr'>divinarum</span> <span class='ocrx_word' id='word_1_124' title='bbox 818 1292 905 1322; x_wconf 85' lang='lat' dir='ltr'>tam</span> <span class='ocrx_word' id='word_1_125' title='bbox 946 1282 1091 1323; x_wconf 84' lang='lat' dir='ltr'>crebra</span> <span class='ocrx_word' id='word_1_126' title='bbox 1131 1281 1342 1337; x_wconf 79' lang='lat' dir='ltr'>opacitate</span> <span class='ocrx_word' id='word_1_127' title='bbox 1391 1300 1492 1326; x_wconf 85' lang='lat' dir='ltr'>con-</span> 
     </span>
     <span class='ocr_line' id='line_1_17' title="bbox 52 1357 1491 1414; baseline 0.002 -15"><span class='ocrx_word' id='word_1_128' title='bbox 52 1369 230 1408; x_wconf 77' lang='lat' dir='ltr'>textam,</span> <span class='ocrx_word' id='word_1_129' title='bbox 284 1369 330 1399; x_wconf 88' lang='lat' dir='ltr'>ut</span> <span class='ocrx_word' id='word_1_130' title='bbox 367 1357 558 1414; x_wconf 84' lang='lat' dir='ltr'>rapidior</span> <span class='ocrx_word' id='word_1_131' title='bbox 604 1369 762 1407; x_wconf 80' lang='lat' dir='ltr'>aestus,</span> <span class='ocrx_word' id='word_1_132' title='bbox 809 1358 879 1414; x_wconf 83' lang='lat' dir='ltr'>qui</span> <span class='ocrx_word' id='word_1_133' title='bbox 910 1358 1069 1399; x_wconf 84' lang='lat' dir='ltr'>multos</span> <span class='ocrx_word' id='word_1_134' title='bbox 1100 1358 1210 1399; x_wconf 85' lang='lat' dir='ltr'>solet</span> <span class='ocrx_word' id='word_1_135' title='bbox 1240 1360 1416 1401; x_wconf 83' lang='lat' dir='ltr'>adurere</span> <span class='ocrx_word' id='word_1_136' title='bbox 1449 1373 1491 1402; x_wconf 88' lang='lat' dir='ltr'>et</span> 
     </span>
     <span class='ocr_line' id='line_1_18' title="bbox 53 1434 1488 1494; baseline 0.003 -18"><span class='ocrx_word' id='word_1_137' title='bbox 53 1437 262 1478; x_wconf 79' lang='lat' dir='ltr'>arefacere</span> <span class='ocrx_word' id='word_1_138' title='bbox 291 1436 453 1477; x_wconf 83' lang='lat' dir='ltr'>fructus</span> <span class='ocrx_word' id='word_1_139' title='bbox 486 1452 634 1476; x_wconf 87' lang='lat' dir='ltr'>eorum</span> <span class='ocrx_word' id='word_1_140' title='bbox 649 1434 716 1490; x_wconf 80' lang='lat'>⁴²),</span> <span class='ocrx_word' id='word_1_141' title='bbox 748 1450 817 1475; x_wconf 90' lang='lat' dir='ltr'>me</span> <span class='ocrx_word' id='word_1_142' title='bbox 847 1446 989 1476; x_wconf 81' lang='lat' dir='ltr'>tamen</span> <span class='ocrx_word' id='word_1_143' title='bbox 1020 1437 1241 1477; x_wconf 83' lang='lat' dir='ltr'>tenebrare</span> <span class='ocrx_word' id='word_1_144' title='bbox 1271 1453 1359 1479; x_wconf 86' lang='lat' dir='ltr'>non</span> <span class='ocrx_word' id='word_1_145' title='bbox 1389 1455 1488 1494; x_wconf 88' lang='lat' dir='ltr'>pos-</span> 
     </span>
     <span class='ocr_line' id='line_1_19' title="bbox 53 1512 1486 1569; baseline 0.003 -15"><span class='ocrx_word' id='word_1_146' title='bbox 53 1513 117 1563; x_wconf 86' lang='lat' dir='ltr'>sit,</span> <span class='ocrx_word' id='word_1_147' title='bbox 147 1529 224 1554; x_wconf 90' lang='lat' dir='ltr'>nec</span> <span class='ocrx_word' id='word_1_148' title='bbox 253 1513 344 1553; x_wconf 83' lang='lat' dir='ltr'>ulla</span> <span class='ocrx_word' id='word_1_149' title='bbox 371 1513 434 1555; x_wconf 76' lang='lat' dir='ltr'>vis</span> <span class='ocrx_word' id='word_1_150' title='bbox 463 1513 746 1554; x_wconf 79' lang='lat' dir='ltr'>tentationum</span> <span class='ocrx_word' id='word_1_151' title='bbox 777 1512 880 1553; x_wconf 83' lang='lat' dir='ltr'>fidei</span> <span class='ocrx_word' id='word_1_152' title='bbox 910 1512 951 1554; x_wconf 88' lang='lat' dir='ltr'>in</span> <span class='ocrx_word' id='word_1_153' title='bbox 981 1529 1049 1554; x_wconf 88' lang='lat' dir='ltr'>me</span> <span class='ocrx_word' id='word_1_154' title='bbox 1073 1530 1243 1567; x_wconf 84' lang='lat' dir='ltr'>germen</span> <span class='ocrx_word' id='word_1_155' title='bbox 1261 1516 1486 1569; x_wconf 82' lang='lat' dir='ltr'>arefacere,</span> 
     </span>
     <span class='ocr_line' id='line_1_20' title="bbox 52 1589 1488 1652; baseline 0.004 -21"><span class='ocrx_word' id='word_1_156' title='bbox 52 1602 151 1632; x_wconf 88' lang='lat' dir='ltr'>tunc</span> <span class='ocrx_word' id='word_1_157' title='bbox 189 1606 363 1646; x_wconf 87' lang='lat' dir='ltr'>possum</span> <span class='ocrx_word' id='word_1_158' title='bbox 403 1589 566 1641; x_wconf 87' lang='lat' dir='ltr'>dicere,</span> <span class='ocrx_word' id='word_1_159' title='bbox 612 1590 709 1647; x_wconf 82' lang='lat' dir='ltr'>quia</span> <span class='ocrx_word' id='word_1_160' title='bbox 748 1590 887 1632; x_wconf 91' lang='lat' dir='ltr'>cubile</span> <span class='ocrx_word' id='word_1_161' title='bbox 935 1603 1130 1632; x_wconf 86' lang='lat' dir='ltr'>nostrum</span> <span class='ocrx_word' id='word_1_162' title='bbox 1163 1594 1488 1652; x_wconf 84' lang='lat' dir='ltr'>umbrosum.⁵)</span> 
     </span>
     <span class='ocr_line' id='line_1_21' title="bbox 54 1667 1484 1724; baseline 0.004 -15"><span class='ocrx_word' id='word_1_163' title='bbox 54 1668 186 1722; x_wconf 84' lang='lat' dir='ltr'>Quod</span> <span class='ocrx_word' id='word_1_164' title='bbox 217 1680 356 1709; x_wconf 85' lang='lat' dir='ltr'>autem</span> <span class='ocrx_word' id='word_1_165' title='bbox 387 1667 489 1709; x_wconf 87' lang='lat' dir='ltr'>dicit</span> <span class='ocrx_word' id='word_1_166' title='bbox 519 1668 659 1709; x_wconf 89' lang='lat' dir='ltr'>cubile</span> <span class='ocrx_word' id='word_1_167' title='bbox 691 1680 907 1719; x_wconf 86' lang='lat' dir='ltr'>nostrum,</span> <span class='ocrx_word' id='word_1_168' title='bbox 951 1668 1068 1724; x_wconf 85' lang='lat' dir='ltr'>quasi</span> <span class='ocrx_word' id='word_1_169' title='bbox 1100 1685 1374 1714; x_wconf 87' lang='lat' dir='ltr'>communem</span> <span class='ocrx_word' id='word_1_170' title='bbox 1404 1674 1484 1715; x_wconf 88' lang='lat' dir='ltr'>sibi</span> 
     </span>
     <span class='ocr_line' id='line_1_22' title="bbox 53 1744 1486 1803; baseline 0.004 -15"><span class='ocrx_word' id='word_1_171' title='bbox 53 1763 148 1788; x_wconf 90' lang='lat' dir='ltr'>cum</span> <span class='ocrx_word' id='word_1_172' title='bbox 185 1762 340 1803; x_wconf 87' lang='lat' dir='ltr'>sponso</span> <span class='ocrx_word' id='word_1_173' title='bbox 382 1744 573 1800; x_wconf 88' lang='lat' dir='ltr'>corporis</span> <span class='ocrx_word' id='word_1_174' title='bbox 611 1745 675 1786; x_wconf 92' lang='lat' dir='ltr'>sui</span> <span class='ocrx_word' id='word_1_175' title='bbox 716 1745 905 1788; x_wconf 83' lang='lat' dir='ltr'>indicans</span> <span class='ocrx_word' id='word_1_176' title='bbox 937 1763 1024 1788; x_wconf 90' lang='lat' dir='ltr'>esse</span> <span class='ocrx_word' id='word_1_177' title='bbox 1065 1747 1232 1799; x_wconf 89' lang='lat' dir='ltr'>locum,</span> <span class='ocrx_word' id='word_1_178' title='bbox 1284 1751 1338 1792; x_wconf 82' lang='lat' dir='ltr'>ad</span> <span class='ocrx_word' id='word_1_179' title='bbox 1367 1751 1486 1794; x_wconf 85' lang='lat' dir='ltr'>illam</span> 
     </span>
     <span class='ocr_line' id='line_1_23' title="bbox 51 1822 1483 1886; baseline 0.003 -20"><span class='ocrx_word' id='word_1_180' title='bbox 51 1823 371 1866; x_wconf 84' lang='lat' dir='ltr'>similitudinem</span> <span class='ocrx_word' id='word_1_181' title='bbox 402 1822 563 1864; x_wconf 90' lang='lat' dir='ltr'>dictum</span> <span class='ocrx_word' id='word_1_182' title='bbox 592 1823 795 1877; x_wconf 86' lang='lat' dir='ltr'>intellige,</span> <span class='ocrx_word' id='word_1_183' title='bbox 830 1841 911 1881; x_wconf 82' lang='lat' dir='ltr'>qua</span> <span class='ocrx_word' id='word_1_184' title='bbox 933 1837 974 1866; x_wconf 90' lang='lat' dir='ltr'>et</span> <span class='ocrx_word' id='word_1_185' title='bbox 987 1824 1202 1883; x_wconf 69' lang='lat' dir='ltr'>Paulusf‘)</span> <span class='ocrx_word' id='word_1_186' title='bbox 1237 1828 1354 1880; x_wconf 83' lang='lat' dir='ltr'>dixit,</span> <span class='ocrx_word' id='word_1_187' title='bbox 1386 1830 1483 1886; x_wconf 83' lang='lat' dir='ltr'>quia</span> 
     </span>
     <span class='ocr_line' id='line_1_24' title="bbox 51 1901 1483 1957; baseline 0.006 -16"><span class='ocrx_word' id='word_1_188' title='bbox 51 1917 230 1957; x_wconf 88' lang='lat' dir='ltr'>corpora</span> <span class='ocrx_word' id='word_1_189' title='bbox 268 1912 408 1942; x_wconf 83' lang='lat' dir='ltr'>nostra</span> <span class='ocrx_word' id='word_1_190' title='bbox 459 1903 649 1955; x_wconf 73' lang='lat' dir='ltr'>membra</span> <span class='ocrx_word' id='word_1_191' title='bbox 689 1901 843 1945; x_wconf 87' lang='lat' dir='ltr'>Christi</span> <span class='ocrx_word' id='word_1_192' title='bbox 892 1915 999 1945; x_wconf 86' lang='lat' dir='ltr'>sunt.</span> <span class='ocrx_word' id='word_1_193' title='bbox 1071 1904 1180 1946; x_wconf 92' lang='lat' dir='ltr'>Cum</span> <span class='ocrx_word' id='word_1_194' title='bbox 1226 1905 1339 1948; x_wconf 88' lang='lat' dir='ltr'>enim</span> <span class='ocrx_word' id='word_1_195' title='bbox 1380 1907 1483 1950; x_wconf 85' lang='lat' dir='ltr'>dicit</span> 
     </span>
     <span class='ocr_line' id='line_1_25' title="bbox 51 1980 1483 2039; baseline 0.007 -20"><span class='ocrx_word' id='word_1_196' title='bbox 51 1995 231 2035; x_wconf 87' lang='lat' dir='ltr'>corpora</span> <span class='ocrx_word' id='word_1_197' title='bbox 259 1990 425 2030; x_wconf 85' lang='lat' dir='ltr'>nostra,</span> <span class='ocrx_word' id='word_1_198' title='bbox 471 1980 587 2037; x_wconf 80' lang='lat' dir='ltr'>quasi</span> <span class='ocrx_word' id='word_1_199' title='bbox 626 1996 804 2037; x_wconf 87' lang='lat' dir='ltr'>sponsae</span> <span class='ocrx_word' id='word_1_200' title='bbox 842 1980 887 2022; x_wconf 94' lang='lat' dir='ltr'>id</span> <span class='ocrx_word' id='word_1_201' title='bbox 905 1981 946 2038; x_wconf 89' lang='lat'>⁷)</span> <span class='ocrx_word' id='word_1_202' title='bbox 979 1998 1065 2023; x_wconf 89' lang='lat' dir='ltr'>esse</span> <span class='ocrx_word' id='word_1_203' title='bbox 1098 1999 1254 2039; x_wconf 86' lang='lat' dir='ltr'>corpus</span> <span class='ocrx_word' id='word_1_204' title='bbox 1286 1986 1483 2029; x_wconf 85' lang='lat' dir='ltr'>ostendit.</span> 
     </span>
     <span class='ocr_line' id='line_1_26' title="bbox 53 2056 1485 2120; baseline 0.006 -22"><span class='ocrx_word' id='word_1_205' title='bbox 53 2056 161 2098; x_wconf 90' lang='lat' dir='ltr'>Cum</span> <span class='ocrx_word' id='word_1_206' title='bbox 189 2073 291 2098; x_wconf 86' lang='lat' dir='ltr'>vero</span> <span class='ocrx_word' id='word_1_207' title='bbox 315 2059 504 2099; x_wconf 86' lang='lat' dir='ltr'>membra</span> <span class='ocrx_word' id='word_1_208' title='bbox 530 2058 684 2101; x_wconf 86' lang='lat' dir='ltr'>Christi</span> <span class='ocrx_word' id='word_1_209' title='bbox 710 2071 932 2111; x_wconf 85' lang='lat' dir='ltr'>memorat,</span> <span class='ocrx_word' id='word_1_210' title='bbox 965 2061 1113 2102; x_wconf 80' lang='lat' dir='ltr'>eadem</span> <span class='ocrx_word' id='word_1_211' title='bbox 1145 2078 1326 2120; x_wconf 88' lang='lat' dir='ltr'>corpora</span> <span class='ocrx_word' id='word_1_212' title='bbox 1358 2064 1485 2107; x_wconf 88' lang='lat' dir='ltr'>etiam</span> 
     </span>
    </p>
   </div>
   <div class='ocr_carea' id='block_1_3' title="bbox 52 2134 1483 2197">
    <p class='ocr_par' dir='ltr' id='par_1_3' title="bbox 52 2134 1483 2197">
     <span class='ocr_line' id='line_1_27' title="bbox 52 2134 1483 2197; baseline 0.008 -23"><span class='ocrx_word' id='word_1_213' title='bbox 52 2134 194 2190; x_wconf 88' lang='lat' dir='ltr'>sponsi</span> <span class='ocrx_word' id='word_1_214' title='bbox 225 2151 312 2177; x_wconf 89' lang='lat' dir='ltr'>esse</span> <span class='ocrx_word' id='word_1_215' title='bbox 345 2152 499 2193; x_wconf 90' lang='lat' dir='ltr'>corpus</span> <span class='ocrx_word' id='word_1_216' title='bbox 542 2136 709 2179; x_wconf 85' lang='lat' dir='ltr'>indicat.</span> <span class='ocrx_word' id='word_1_217' title='bbox 771 2137 888 2179; x_wconf 85' lang='lat' dir='ltr'>Haec</span> <span class='ocrx_word' id='word_1_218' title='bbox 927 2154 1026 2191; x_wconf 85' lang='lat' dir='ltr'>ergo</span> <span class='ocrx_word' id='word_1_219' title='bbox 1066 2155 1270 2197; x_wconf 86' lang='lat' dir='ltr'>corpora,</span> <span class='ocrx_word' id='word_1_220' title='bbox 1319 2143 1353 2185; x_wconf 86' lang='lat' dir='ltr'>si</span> <span class='ocrx_word' id='word_1_221' title='bbox 1391 2161 1483 2187; x_wconf 87' lang='lat' dir='ltr'>um-</span> 
     </span>
    </p>
   </div>
   <div class='ocr_carea' id='block_1_4' title="bbox 171 2317 1480 2449">
    <p class='ocr_par' dir='ltr' id='par_1_4' title="bbox 171 2317 1480 2449">
     <span class='ocr_line' id='line_1_28' title="bbox 175 2317 1480 2374; baseline 0.008 -14"><span class='ocrx_word' id='word_1_222' title='bbox 175 2317 215 2372; x_wconf 88' lang='lat'>¹)</span> <span class='ocrx_word' id='word_1_223' title='bbox 246 2318 330 2361; x_wconf 85' lang='lat' dir='ltr'><strong>Cfr.</strong></span> <span class='ocrx_word' id='word_1_224' title='bbox 360 2319 485 2361; x_wconf 80' lang='lat' dir='ltr'>Jesai.</span> <span class='ocrx_word' id='word_1_225' title='bbox 515 2321 631 2371; x_wconf 91' lang='lat' dir='ltr'><strong>LIII,</strong></span> <span class='ocrx_word' id='word_1_226' title='bbox 661 2320 700 2365; x_wconf 84' lang='lat'><strong>2.</strong></span> <span class='ocrx_word' id='word_1_227' title='bbox 730 2320 769 2365; x_wconf 87' lang='lat'>3.</span> <span class='ocrx_word' id='word_1_228' title='bbox 789 2344 840 2351; x_wconf 94' lang='lat'>—-</span> <span class='ocrx_word' id='word_1_229' title='bbox 869 2322 1003 2364; x_wconf 88' lang='lat' dir='ltr'>Deest</span> <span class='ocrx_word' id='word_1_230' title='bbox 1033 2330 1186 2374; x_wconf 88' lang='lat' dir='ltr'>„eum“</span> <span class='ocrx_word' id='word_1_231' title='bbox 1216 2325 1259 2367; x_wconf 90' lang='lat' dir='ltr'>in</span> <span class='ocrx_word' id='word_1_232' title='bbox 1292 2327 1385 2369; x_wconf 85' lang='lat' dir='ltr'>edd.</span> <span class='ocrx_word' id='word_1_233' title='bbox 1421 2329 1480 2371; x_wconf 87' lang='lat' dir='ltr'>M.</span> 
     </span>
     <span class='ocr_line' id='line_1_29' title="bbox 171 2387 1334 2449; baseline 0.009 -20"><span class='ocrx_word' id='word_1_234' title='bbox 171 2387 215 2444; x_wconf 48' lang='grc' dir='ltr'>Ε)</span> <span class='ocrx_word' id='word_1_235' title='bbox 249 2388 406 2431; x_wconf 74' lang='lat' dir='ltr'>cantic.</span> <span class='ocrx_word' id='word_1_236' title='bbox 436 2391 471 2440; x_wconf 91' lang='lat' dir='ltr'>I,</span> <span class='ocrx_word' id='word_1_237' title='bbox 503 2390 568 2434; x_wconf 86' lang='grc'>16,</span> <span class='ocrx_word' id='word_1_238' title='bbox 690 2392 733 2449; x_wconf 87' lang='lat'>³)</span> <span class='ocrx_word' id='word_1_239' title='bbox 763 2393 898 2435; x_wconf 90' lang='lat' dir='ltr'>Deest</span> <span class='ocrx_word' id='word_1_240' title='bbox 926 2399 1041 2443; x_wconf 84' lang='lat' dir='ltr'>„et“</span> <span class='ocrx_word' id='word_1_241' title='bbox 1073 2393 1116 2435; x_wconf 90' lang='lat' dir='ltr'>in</span> <span class='ocrx_word' id='word_1_242' title='bbox 1147 2396 1241 2438; x_wconf 89' lang='lat' dir='ltr'>edd.</span> <span class='ocrx_word' id='word_1_243' title='bbox 1274 2396 1334 2439; x_wconf 97' lang='lat' dir='ltr'><strong>M.</strong></span> 
     </span>
    </p>
   </div>
   <div class='ocr_carea' id='block_1_5' title="bbox 55 2458 1480 2556">
    <p class='ocr_par' dir='ltr' id='par_1_5' title="bbox 55 2458 1480 2556">
     <span class='ocr_line' id='line_1_30' title="bbox 171 2458 1480 2524; baseline 0.009 -26"><span class='ocrx_word' id='word_1_244' title='bbox 171 2458 213 2513; x_wconf 83' lang='lat'>⁴²)</span> <span class='ocrx_word' id='word_1_245' title='bbox 246 2458 355 2499; x_wconf 90' lang='lat' dir='ltr'>Edd.</span> <span class='ocrx_word' id='word_1_246' title='bbox 385 2460 446 2515; x_wconf 86' lang='lat' dir='ltr'><strong>M.</strong></span> <span class='ocrx_word' id='word_1_247' title='bbox 478 2477 686 2511; x_wconf 87' lang='lat' dir='ltr'>„eorum:</span> <span class='ocrx_word' id='word_1_248' title='bbox 719 2481 811 2505; x_wconf 82' lang='lat' dir='ltr'>eam</span> <span class='ocrx_word' id='word_1_249' title='bbox 841 2475 982 2506; x_wconf 85' lang='lat' dir='ltr'>tamen</span> <span class='ocrx_word' id='word_1_250' title='bbox 1011 2477 1232 2521; x_wconf 81' lang='lat' dir='ltr'>penetrare</span> <span class='ocrx_word' id='word_1_251' title='bbox 1263 2484 1350 2509; x_wconf 89' lang='lat' dir='ltr'>non</span> <span class='ocrx_word' id='word_1_252' title='bbox 1380 2485 1480 2524; x_wconf 88' lang='lat' dir='ltr'>pos-</span> 
     </span>
     <span class='ocr_line' id='line_1_31' title="bbox 55 2515 252 2556; baseline 0 0"><span class='ocrx_word' id='word_1_253' title='bbox 55 2515 142 2556; x_wconf 85' lang='lat' dir='ltr'>sit“</span> <span class='ocrx_word' id='word_1_254' title='bbox 174 2527 252 2556; x_wconf 91' lang='lat' dir='ltr'>etc.</span> 
     </span>
    </p>
   </div>
   <div class='ocr_carea' id='block_1_6' title="bbox 55 2586 1477 2758">
    <p class='ocr_par' dir='ltr' id='par_1_6' title="bbox 55 2586 1477 2758">
     <span class='ocr_line' id='line_1_32' title="bbox 171 2586 1476 2653; baseline 0.009 -27"><span class='ocrx_word' id='word_1_255' title='bbox 171 2587 212 2642; x_wconf 86' lang='lat'>⁵)</span> <span class='ocrx_word' id='word_1_256' title='bbox 242 2586 351 2628; x_wconf 86' lang='lat' dir='ltr'>Edd.</span> <span class='ocrx_word' id='word_1_257' title='bbox 370 2588 430 2628; x_wconf 88' lang='lat' dir='ltr'>M.</span> <span class='ocrx_word' id='word_1_258' title='bbox 451 2591 746 2639; x_wconf 88' lang='lat' dir='ltr'>„umbrosum:</span> <span class='ocrx_word' id='word_1_259' title='bbox 779 2593 895 2648; x_wconf 88' lang='lat' dir='ltr'>quasi</span> <span class='ocrx_word' id='word_1_260' title='bbox 913 2610 1184 2637; x_wconf 86' lang='lat' dir='ltr'>communem</span> <span class='ocrx_word' id='word_1_261' title='bbox 1204 2613 1302 2638; x_wconf 90' lang='lat' dir='ltr'>cum</span> <span class='ocrx_word' id='word_1_262' title='bbox 1320 2612 1476 2653; x_wconf 83' lang='lat' dir='ltr'>sponso</span> 
     </span>
     <span class='ocr_line' id='line_1_33' title="bbox 55 2642 1477 2700; baseline 0.009 -17"><span class='ocrx_word' id='word_1_263' title='bbox 55 2642 246 2700; x_wconf 88' lang='lat' dir='ltr'>corporis</span> <span class='ocrx_word' id='word_1_264' title='bbox 285 2643 472 2686; x_wconf 78' lang='lat' dir='ltr'>indicans</span> <span class='ocrx_word' id='word_1_265' title='bbox 527 2662 612 2688; x_wconf 87' lang='lat' dir='ltr'>esse</span> <span class='ocrx_word' id='word_1_266' title='bbox 658 2649 816 2690; x_wconf 91' lang='lat' dir='ltr'>locum.</span> <span class='ocrx_word' id='word_1_267' title='bbox 885 2651 954 2692; x_wconf 83' lang='lat' dir='ltr'>Ad</span> <span class='ocrx_word' id='word_1_268' title='bbox 996 2651 1116 2694; x_wconf 84' lang='lat' dir='ltr'>illam</span> <span class='ocrx_word' id='word_1_269' title='bbox 1152 2652 1477 2696; x_wconf 87' lang='lat' dir='ltr'>similitudinem</span> 
     </span>
     <span class='ocr_line' id='line_1_34' title="bbox 55 2699 1078 2758; baseline 0.01 -18"><span class='ocrx_word' id='word_1_270' title='bbox 55 2699 165 2742; x_wconf 86' lang='lat' dir='ltr'>dicta</span> <span class='ocrx_word' id='word_1_271' title='bbox 195 2700 407 2754; x_wconf 84' lang='lat' dir='ltr'>intellige,</span> <span class='ocrx_word' id='word_1_272' title='bbox 440 2718 545 2758; x_wconf 83' lang='lat' dir='ltr'>quae</span> <span class='ocrx_word' id='word_1_273' title='bbox 576 2714 617 2744; x_wconf 90' lang='lat' dir='ltr'>et</span> <span class='ocrx_word' id='word_1_274' title='bbox 642 2705 798 2747; x_wconf 79' lang='lat' dir='ltr'>Paulus</span> <span class='ocrx_word' id='word_1_275' title='bbox 831 2705 967 2749; x_wconf 83' lang='lat' dir='ltr'>dixit“</span> <span class='ocrx_word' id='word_1_276' title='bbox 1001 2719 1078 2750; x_wconf 90' lang='lat' dir='ltr'>etc.</span> 
     </span>
    </p>
   </div>
   <div class='ocr_carea' id='block_1_7' title="bbox 173 2770 1172 2898">
    <p class='ocr_par' dir='ltr' id='par_1_7' title="bbox 173 2770 1172 2898">
     <span class='ocr_line' id='line_1_35' title="bbox 173 2770 589 2826; baseline 0.014 -15"><span class='ocrx_word' id='word_1_277' title='bbox 173 2771 214 2826; x_wconf 77' lang='grc'>6)</span> <span class='ocrx_word' id='word_1_278' title='bbox 247 2771 267 2812; x_wconf 94' lang='grc' dir='ltr'>Ι</span> <span class='ocrx_word' id='word_1_279' title='bbox 290 2770 385 2814; x_wconf 89' lang='lat' dir='ltr'>Cor.</span> <span class='ocrx_word' id='word_1_280' title='bbox 417 2772 492 2823; x_wconf 86' lang='lat' dir='ltr'>VI,</span> <span class='ocrx_word' id='word_1_281' title='bbox 523 2773 589 2817; x_wconf 85' lang='lat'><strong>15.</strong></span> 
     </span>
     <span class='ocr_line' id='line_1_36' title="bbox 174 2840 1172 2898; baseline 0.01 -17"><span class='ocrx_word' id='word_1_282' title='bbox 174 2840 214 2896; x_wconf 86' lang='lat'>⁷)</span> <span class='ocrx_word' id='word_1_283' title='bbox 244 2840 410 2884; x_wconf 87' lang='lat' dir='ltr'>Desunt</span> <span class='ocrx_word' id='word_1_284' title='bbox 440 2844 588 2886; x_wconf 82' lang='lat' dir='ltr'>verba:</span> <span class='ocrx_word' id='word_1_285' title='bbox 621 2843 700 2896; x_wconf 85' lang='lat' dir='ltr'>„id</span> <span class='ocrx_word' id='word_1_286' title='bbox 731 2852 879 2898; x_wconf 75' lang='lat' dir='ltr'>csse,“</span> <span class='ocrx_word' id='word_1_287' title='bbox 910 2847 951 2890; x_wconf 89' lang='lat' dir='ltr'>in</span> <span class='ocrx_word' id='word_1_288' title='bbox 984 2848 1079 2891; x_wconf 88' lang='lat' dir='ltr'>edd.</span> <span class='ocrx_word' id='word_1_289' title='bbox 1110 2848 1172 2890; x_wconf 85' lang='lat' dir='ltr'><strong>M.</strong></span> 
     </span>
    </p>
   </div>
  </div>
 </body>
</html>
