1734 3112
673 122 813 164 Lmen
844 120 915 161 lv.
1460 122 1513 166 75
1539 102 1542 103 ⁷

97 235 279 288 tegmine
309 235 392 275 saxi
426 234 477 275 sit
506 233 680 290 positus.
742 233 808 275 Sit
838 243 979 274 autem
1018 231 1131 272 idem
1164 233 1281 273 locus
1313 250 1395 275 non
1427 246 1511 276 tam

97 312 209 370 juxta
238 303 426 362 murum,
465 327 588 368 quam
629 310 742 368 juxta
771 309 1015 367 promurale
1048 310 1274 366 quoddam.
1332 310 1512 353 Promu-

98 391 185 432 rale
215 400 353 431 autem
383 388 551 438 dicitur,
582 405 679 430 cum
709 400 821 430 extra
849 403 1016 438 murOS,
1047 387 1120 445 qui
1150 386 1342 430 ambiunt
1373 387 1515 431 civita=

99 479 198 519 tem,
227 467 331 508 alius
362 466 530 509 ducitur
551 483 707 516 murus,
739 477 781 507 et
806 477 867 507 est
889 481 1034 506 murus
1059 476 1153 506 ante
1177 481 1360 506 murum.
1405 466 1517 508 Tum

100 544 274 595 deinde,
315 544 430 602 quasi
461 545 553 601 si¹)
593 542 850 586 reverentiae
892 559 1012 584 causa
1048 543 1138 600 ipsa
1167 559 1320 600 sponsa
1350 544 1520 586 obtecta

97 622 151 664 sit
180 634 221 663 et
251 622 407 672 velata,
448 622 557 679 petit
585 622 676 678 ipse
707 637 904 678 sponsus,
943 632 990 662 ut
1022 620 1188 662 veniens
1218 622 1271 663 ad
1300 621 1423 663 illum
1454 623 1519 664 lo-

100 717 208 751 cum,
239 716 363 756 quem
394 717 519 757 supra
541 699 737 749 ostendit,
767 711 916 756 utpote
932 697 1218 749 secretiorem,
1241 698 1301 740 ibi
1332 699 1370 740 ei
1402 699 1519 756 quasi

97 777 254 837 rejecto
300 778 507 819 velamine
553 778 745 818 ostendat
791 776 942 818 faciem
996 793 1126 817 suam.
1198 777 1254 818 Et
1297 777 1395 834 quia
1439 793 1519 834 pro

98 856 231 896 multa
268 855 501 896 reverentia
540 867 697 896 taceret
744 871 919 912 sponsa,
970 854 1180 896 desiderat
1225 870 1402 910 sponsus
1444 854 1521 896 ali-

101 934 267 990 quando
300 933 426 975 etiam
457 949 607 975 vocem
647 932 736 990 ejus
775 932 942 982 audire,
986 944 1028 973 et
1070 930 1268 972 delectari
1309 931 1352 972 in
1382 929 1521 972 verbis

103 1010 212 1070 ejus,
243 1023 284 1052 et
316 1009 439 1061 dicit,
470 1022 516 1051 ut
546 1010 731 1052 auditam
762 1010 842 1052 sibi
871 1009 997 1052 faciat
1027 1025 1176 1050 vocem
1205 1026 1335 1052 suam.
1394 1009 1524 1051 Vide-

102 1101 169 1130 tur
198 1101 360 1139 tamen,
400 1089 516 1145 quod
544 1105 631 1130 non
672 1088 710 1130 ei
739 1088 908 1146 penitus
938 1087 1150 1141 incognita
1180 1087 1233 1128 sit
1263 1087 1389 1129 facies
1421 1086 1523 1145 ejus,

99 1183 235 1224 neque
253 1167 368 1208 vocis
400 1165 487 1224 ejus
515 1167 679 1220 ignarus
710 1167 776 1218 sit,
807 1168 880 1209 sed
910 1166 1007 1224 quia
1036 1165 1317 1208 intercesserit
1347 1164 1524 1222 aliquid,

102 1245 145 1286 in
174 1261 257 1302 quo
289 1261 367 1286 nec
397 1245 547 1286 faciem
581 1245 667 1304 ejus
700 1245 864 1296 viderit,
895 1261 971 1287 nec
1005 1261 1153 1287 vocem
1187 1243 1377 1286 audierit.
1439 1244 1524 1284 Iste

101 1322 153 1364 sit
180 1322 393 1379 propositi
424 1323 620 1365 dramatis
651 1336 800 1366 textus.
861 1322 942 1365 Cui
974 1335 1014 1364 et
1053 1323 1135 1363 hoc
1176 1321 1366 1371 additur,
1409 1320 1525 1377 quod

101 1400 208 1442 veris
246 1412 414 1457 tempus
455 1402 520 1454 agi
551 1401 764 1452 videatur,
804 1417 900 1442 cum
934 1413 975 1441 et
1014 1400 1138 1441 flores
1169 1398 1408 1456 apparuisse
1438 1413 1528 1438 me-

101 1489 319 1519 morantur
347 1477 393 1518 in
422 1488 553 1528 terra,
597 1490 636 1518 et
671 1495 747 1519 vox
781 1477 950 1519 turturis
989 1493 1239 1534 personare,
1279 1489 1319 1517 et
1358 1491 1528 1530 germen

103 1555 274 1596 arbores
313 1554 574 1610 produxisse.
633 1555 818 1611 Propter
856 1556 937 1597 hoc
977 1557 1093 1597 velut
1134 1566 1382 1612 opportuno
1420 1566 1527 1595 tem-

103 1647 209 1688 pore
230 1631 429 1688 progredi
445 1644 654 1688 provocat
684 1649 893 1688 sponsam,
926 1650 1032 1690 quae
1062 1633 1149 1674 sine
1183 1632 1313 1674 dubio
1343 1632 1528 1674 hiemem

103 1721 236 1751 totam
267 1708 376 1751 intra
416 1710 566 1751 domus
607 1710 785 1753 claustra
824 1711 1043 1752 resederit.
1104 1711 1191 1753 Sed
1226 1712 1328 1752 haec
1365 1710 1530 1752 nullam

102 1787 207 1829 mihi
246 1786 460 1838 videntur,
499 1798 702 1844 quantum
739 1790 792 1831 ad
829 1789 1073 1831 historicam
1111 1788 1397 1831 narrationem
1433 1805 1530 1845 per-

104 1866 230 1917 tinet,
268 1864 493 1906 utilitatem
525 1867 717 1907 conferre
758 1866 1018 1920 legentibus,
1062 1879 1134 1908 aut
1163 1866 1349 1925 aliquam
1378 1867 1530 1909 saltem

102 1942 351 1986 narrationis
388 1943 517 1999 ipsius
556 1960 722 1986 servare
763 1945 1130 2002 consequentiam,
1168 1945 1278 1988 sicut
1305 1945 1348 1986 in
1382 1944 1530 1986 ceteris

102 2022 344 2079 Scripturae
374 2021 559 2063 historiis
590 2021 838 2068 invenimus.
898 2023 1021 2064 Unde
1052 2039 1221 2065 necesse
1253 2035 1336 2073 est,
1383 2035 1532 2065 cuncta

103 2101 155 2142 ad
192 2100 459 2157 spiritualem
498 2101 724 2142 transferre
763 2101 1097 2155 intelligentiam.
1158 2100 1304 2143 Primo
1337 2116 1436 2155 ergo
1468 2101 1530 2142 in-

104 2177 244 2231 tellige
273 2178 378 2219 mihi
407 2177 568 2219 animae
599 2177 796 2229 hiemem,
829 2197 924 2221 cum
954 2181 1090 2222 adhuc
1121 2179 1364 2237 passionum
1394 2178 1532 2220 flucti-

105 2258 180 2298 bus
209 2257 406 2312 iactatur,
447 2269 487 2297 et
519 2256 719 2298 vitiorum
750 2257 974 2315 procellis,
1012 2274 1059 2299 ac
1099 2256 1215 2299 duris
1245 2255 1531 2309 malignorum

104 2334 327 2391 spirituum
357 2334 522 2376 flatibus
552 2336 807 2377 verberatur.
868 2338 916 2377 In
947 2336 1010 2377 his
1047 2335 1232 2392 positam
1269 2351 1356 2375 non
1389 2334 1531 2375 horta-

106 2425 174 2455 tur
216 2429 305 2454 eam
340 2428 476 2453 sermo
516 2412 599 2454 Dei
639 2414 750 2454 foras
790 2413 925 2464 exire,
967 2415 1041 2456 sed
1083 2414 1189 2454 intra
1230 2424 1364 2453 semet
1393 2411 1529 2468 ipsam

107 2489 272 2544 colligi,
312 2500 353 2529 et
394 2488 559 2545 uniri2)
590 2490 800 2546 undique,
842 2503 966 2548 atque
1007 2490 1173 2544 contegi
1214 2502 1360 2532 contra
1390 2488 1532 2547 perni-

108 2568 242 2610 ciosos
273 2565 554 2618 malignorum
583 2567 808 2622 spirituum
847 2569 1001 2614 flatus„
1039 2568 1159 2611 Nulli
1190 2569 1352 2625 tunc3)
1390 2568 1434 2609 in
1466 2565 1531 2608 di-

227 2737 267 2793 ¹)
299 2737 431 2777 Deest
462 2734 568 2785 „si“
600 2735 641 2776 in
672 2737 766 2779 edd.
794 2739 857 2782 M.

221 2807 264 2863 2)
294 2806 402 2846 Edd.
436 2806 495 2847 Μ.
527 2804 699 2856 rectius,
731 2819 777 2848 ut
806 2808 992 2850 videtur:
1029 2807 1275 2859 ‚,muniri.“

223 2879 267 2933 ³)
298 2876 408 2916 Edd.
439 2875 501 2918 Μ,
533 2882 730 2927 „nunc.“
