<?xml version="1.0" encoding="UTF-8"?>
<!DOCTYPE html PUBLIC "-//W3C//DTD XHTML 1.0 Transitional//EN"
    "http://www.w3.org/TR/xhtml1/DTD/xhtml1-transitional.dtd">
<html xmlns="http://www.w3.org/1999/xhtml" xml:lang="en" lang="en">
 <head>
  <title>
</title>
<meta http-equiv="Content-Type" content="text/html;charset=utf-8" />
  <meta name='ocr-system' content='tesseract 3.04.00' />
  <meta name='ocr-capabilities' content='ocr_page ocr_carea ocr_par ocr_line ocrx_word'/>
</head>
<body>
  <div class='ocr_page' id='page_1' title='image "./operaomniaquaegr15orig/operaomniaquaegr15orig_0230.png"; bbox 0 0 1734 3112; ppageno 0'>
   <div class='ocr_carea' id='block_1_1' title="bbox 225 56 1219 102">
    <p class='ocr_par' dir='ltr' id='par_1_1' title="bbox 225 56 1219 102">
     <span class='ocr_line' id='line_1_1' title="bbox 225 56 1219 102; baseline -0.004 -1"><span class='ocrx_word' id='word_1_1' title='bbox 225 58 309 102; x_wconf 84' lang='lat'><em>216</em></span> <span class='ocrx_word' id='word_1_2' title='bbox 655 56 877 99; x_wconf 59' lang='lat' dir='ltr'><em>Omont-us</em></span> <span class='ocrx_word' id='word_1_3' title='bbox 906 68 950 97; x_wconf 76' lang='lat' dir='ltr'>m</span> <span class='ocrx_word' id='word_1_4' title='bbox 981 56 1219 98; x_wconf 70' lang='lat' dir='ltr'><strong>Jmuzmmm</strong></span> 
     </span>
    </p>
   </div>
   <div class='ocr_carea' id='block_1_2' title="bbox 232 164 1719 307">
    <p class='ocr_par' dir='ltr' id='par_1_2' title="bbox 232 164 1723 307">
     <span class='ocr_line' id='line_1_2' title="bbox 232 164 1661 229; baseline 0.001 -16"><span class='ocrx_word' id='word_1_5' title='bbox 232 187 373 229; x_wconf 82' lang='grc' dir='ltr'><em>ρωτο,</em></span> <span class='ocrx_word' id='word_1_6' title='bbox 411 169 528 226; x_wconf 80' lang='grc' dir='ltr'><em>μηδὲ</em></span> <span class='ocrx_word' id='word_1_7' title='bbox 559 166 788 224; x_wconf 83' lang='grc' dir='ltr'><em>τεθνήκει,</em></span> <span class='ocrx_word' id='word_1_8' title='bbox 829 169 1009 226; x_wconf 79' lang='grc' dir='ltr'>ἔμεινεν</span> <span class='ocrx_word' id='word_1_9' title='bbox 1058 164 1117 211; x_wconf 82' lang='grc' dir='ltr'><em>ἂν</em></span> <span class='ocrx_word' id='word_1_10' title='bbox 1148 164 1293 224; x_wconf 84' lang='grc' dir='ltr'>μόνος</span> <span class='ocrx_word' id='word_1_11' title='bbox 1337 166 1359 211; x_wconf 85' lang='grc' dir='ltr'>ὁ</span> <span class='ocrx_word' id='word_1_12' title='bbox 1392 167 1553 218; x_wconf 85' lang='grc' dir='ltr'><strong>κόκκος</strong></span> <span class='ocrx_word' id='word_1_13' title='bbox 1581 175 1661 215; x_wconf 89' lang='grc' dir='ltr'><em>τοῦ</em></span> 
     </span>
     <span class='ocr_line' id='line_1_3' title="bbox 234 238 1719 307; baseline -0.001 -16"><span class='ocrx_word' id='word_1_14' title='bbox 234 252 378 303; x_wconf 80' lang='grc' dir='ltr'><em>σίτου,</em></span> <span class='ocrx_word' id='word_1_15' title='bbox 409 250 486 290; x_wconf 88' lang='grc' dir='ltr'><em>καὶ</em></span> <span class='ocrx_word' id='word_1_16' title='bbox 515 247 678 290; x_wconf 84' lang='grc' dir='ltr'><em>πολλοὶ</em></span> <span class='ocrx_word' id='word_1_17' title='bbox 708 245 791 291; x_wconf 86' lang='grc' dir='ltr'><em>οὐκ</em></span> <span class='ocrx_word' id='word_1_18' title='bbox 823 246 1028 303; x_wconf 77' lang='grc' dir='ltr'><em>ἐγίνοντο</em></span> <span class='ocrx_word' id='word_1_19' title='bbox 1062 245 1109 294; x_wconf 76' lang='grc' dir='ltr'><em>ἐξ</em></span> <span class='ocrx_word' id='word_1_20' title='bbox 1139 244 1294 288; x_wconf 88' lang='grc' dir='ltr'><em>αὐτοῦ.</em></span> <span class='ocrx_word' id='word_1_21' title='bbox 1344 243 1551 303; x_wconf 87' lang='grc' dir='ltr'><em>Πρόσχες</em></span> <span class='ocrx_word' id='word_1_22' title='bbox 1581 238 1665 292; x_wconf 77' lang='grc' dir='ltr'><em>οὖν</em></span> <span class='ocrx_word' id='word_1_23' title='bbox 1713 267 1719 307; x_wconf 73' lang='lat' dir='ltr'><em>j</em></span> 
     </span>
    </p>
   </div>
   <div class='ocr_carea' id='block_1_3' title="bbox 236 318 1666 385">
    <p class='ocr_par' dir='ltr' id='par_1_3' title="bbox 236 318 1666 385">
     <span class='ocr_line' id='line_1_4' title="bbox 236 318 1666 385; baseline -0.001 -15"><span class='ocrx_word' id='word_1_24' title='bbox 236 324 374 370; x_wconf 85' lang='grc' dir='ltr'><em>αὐτοῦ</em></span> <span class='ocrx_word' id='word_1_25' title='bbox 414 327 463 385; x_wconf 76' lang='grc' dir='ltr'><em>τῇ</em></span> <span class='ocrx_word' id='word_1_26' title='bbox 495 326 632 379; x_wconf 80' lang='grc' dir='ltr'><em>λέξει,</em></span> <span class='ocrx_word' id='word_1_27' title='bbox 673 327 712 369; x_wconf 82' lang='grc' dir='ltr'><em>εἰ</em></span> <span class='ocrx_word' id='word_1_28' title='bbox 750 321 815 381; x_wconf 87' lang='grc' dir='ltr'><em>μὴ</em></span> <span class='ocrx_word' id='word_1_29' title='bbox 847 326 977 368; x_wconf 88' lang='grc' dir='ltr'><em>τοῦτο</em></span> <span class='ocrx_word' id='word_1_30' title='bbox 1017 318 1284 377; x_wconf 77' lang='grc' dir='ltr'><em>βεβούληται</em></span> <span class='ocrx_word' id='word_1_31' title='bbox 1312 324 1483 380; x_wconf 80' lang='grc' dir='ltr'><em>λέγων·</em></span> <span class='ocrx_word' id='word_1_32' title='bbox 1535 323 1666 383; x_wconf 77' lang='grc' dir='ltr'><em>,,ὂ“)</em></span> 
     </span>
    </p>
   </div>
   <div class='ocr_carea' id='block_1_4' title="bbox 234 396 1718 462">
    <p class='ocr_par' dir='ltr' id='par_1_4' title="bbox 234 396 1718 462">
     <span class='ocr_line' id='line_1_5' title="bbox 234 396 1718 462; baseline -0.005 -15"><span class='ocrx_word' id='word_1_33' title='bbox 234 400 397 452; x_wconf 83' lang='grc' dir='ltr'><strong><em>κόκκος</em></strong></span> <span class='ocrx_word' id='word_1_34' title='bbox 426 404 504 446; x_wconf 86' lang='grc' dir='ltr'><em>τοῦ</em></span> <span class='ocrx_word' id='word_1_35' title='bbox 537 405 663 446; x_wconf 86' lang='grc' dir='ltr'><em>σίτου</em></span> <span class='ocrx_word' id='word_1_36' title='bbox 694 400 776 445; x_wconf 75' lang='grc' dir='ltr'><em>ἐὰν</em></span> <span class='ocrx_word' id='word_1_37' title='bbox 814 399 877 457; x_wconf 77' lang='grc' dir='ltr'><em>μὴ</em></span> <span class='ocrx_word' id='word_1_38' title='bbox 912 397 1067 444; x_wconf 83' lang='grc' dir='ltr'><em>πεσών</em></span> <span class='ocrx_word' id='word_1_39' title='bbox 1105 399 1165 448; x_wconf 77' lang='grc' dir='ltr'><em>εἰς</em></span> <span class='ocrx_word' id='word_1_40' title='bbox 1203 396 1285 454; x_wconf 87' lang='grc' dir='ltr'><em>τὴν</em></span> <span class='ocrx_word' id='word_1_41' title='bbox 1312 403 1403 457; x_wconf 81' lang='grc' dir='ltr'><em>γῆν</em></span> <span class='ocrx_word' id='word_1_42' title='bbox 1432 399 1665 462; x_wconf 74' lang='grc' dir='ltr'><em>ἀποθάνῃ,</em></span> <span class='ocrx_word' id='word_1_43' title='bbox 1714 426 1718 439; x_wconf 45' lang='lat'><em>2</em></span> 
     </span>
    </p>
   </div>
   <div class='ocr_carea' id='block_1_5' title="bbox 237 473 1675 2561">
    <p class='ocr_par' dir='ltr' id='par_1_5' title="bbox 237 473 1668 770">
     <span class='ocr_line' id='line_1_6' title="bbox 237 473 1668 538; baseline -0.001 -13"><span class='ocrx_word' id='word_1_44' title='bbox 237 478 371 530; x_wconf 80' lang='grc' dir='ltr'><em>αὐτὸς</em></span> <span class='ocrx_word' id='word_1_45' title='bbox 407 476 551 538; x_wconf 85' lang='grc' dir='ltr'>μόνος</span> <span class='ocrx_word' id='word_1_46' title='bbox 586 482 739 537; x_wconf 89' lang='grc' dir='ltr'><em>μένει·</em></span> <span class='ocrx_word' id='word_1_47' title='bbox 795 475 878 522; x_wconf 74' lang='grc' dir='ltr'><em>ἐὰν</em></span> <span class='ocrx_word' id='word_1_48' title='bbox 921 476 971 521; x_wconf 82' lang='grc' dir='ltr'><em>δὲ</em></span> <span class='ocrx_word' id='word_1_49' title='bbox 1010 473 1251 537; x_wconf 78' lang='grc' dir='ltr'><em>ἀποθάνῃ,</em></span> <span class='ocrx_word' id='word_1_50' title='bbox 1298 475 1448 522; x_wconf 86' lang='grc' dir='ltr'><em>πολὺν</em></span> <span class='ocrx_word' id='word_1_51' title='bbox 1486 477 1668 537; x_wconf 88' lang='grc' dir='ltr'><em>καρπὸν</em></span> 
     </span>
     <span class='ocr_line' id='line_1_7' title="bbox 239 558 422 617; baseline -0.027 -13"><span class='ocrx_word' id='word_1_52' title='bbox 239 558 422 617; x_wconf 80' lang='grc' dir='ltr'><em>φέρει.“</em></span> 
     </span>
     <span class='ocr_line' id='line_1_8' title="bbox 239 627 1664 695; baseline -0.003 -16"><span class='ocrx_word' id='word_1_53' title='bbox 239 633 524 695; x_wconf 84' lang='grc' dir='ltr'><em>ποφόρησεν.</em></span> <span class='ocrx_word' id='word_1_54' title='bbox 585 637 645 677; x_wconf 84' lang='grc' dir='ltr'><em>Εἰ</em></span> <span class='ocrx_word' id='word_1_55' title='bbox 682 633 731 678; x_wconf 76' lang='grc' dir='ltr'><em>δὲ</em></span> <span class='ocrx_word' id='word_1_56' title='bbox 772 633 794 676; x_wconf 87' lang='grc' dir='ltr'><em>ὀ</em></span> <span class='ocrx_word' id='word_1_57' title='bbox 834 629 1038 680; x_wconf 77' lang='grc' dir='ltr'><em>θάνατος</em></span> <span class='ocrx_word' id='word_1_58' title='bbox 1077 627 1261 681; x_wconf 80' lang='grc' dir='ltr'><em>τούτους</em></span> <span class='ocrx_word' id='word_1_59' title='bbox 1299 631 1664 694; x_wconf 74' lang='grc' dir='ltr'><em>ἕκαρποφόρησε,</em></span> 
     </span>
     <span class='ocr_line' id='line_1_9' title="bbox 240 707 1154 770; baseline -0.007 -12"><span class='ocrx_word' id='word_1_60' title='bbox 240 711 414 763; x_wconf 88' lang='grc' dir='ltr'><em>πόσους</em></span> <span class='ocrx_word' id='word_1_61' title='bbox 443 707 794 770; x_wconf 85' lang='grc' dir='ltr'><em>καρποφορήσει</em></span> <span class='ocrx_word' id='word_1_62' title='bbox 826 708 849 764; x_wconf 81' lang='grc' dir='ltr'><em>ἦ</em></span> <span class='ocrx_word' id='word_1_63' title='bbox 886 707 1154 763; x_wconf 77' lang='grc' dir='ltr'><em>ἀνάστασις;</em></span> 
     </span>
    </p>

    <p class='ocr_par' dir='ltr' id='par_1_6' title="bbox 237 786 1675 2561">
     <span class='ocr_line' id='line_1_10' title="bbox 353 786 1670 847; baseline 0.001 -14"><span class='ocrx_word' id='word_1_64' title='bbox 353 790 391 833; x_wconf 81' lang='grc'><em>4.</em></span> <span class='ocrx_word' id='word_1_65' title='bbox 439 787 641 847; x_wconf 60' lang='grc' dir='ltr'><em>Κύριεῖ)</em></span> <span class='ocrx_word' id='word_1_66' title='bbox 681 791 772 833; x_wconf 87' lang='grc' dir='ltr'><em>τῶν</em></span> <span class='ocrx_word' id='word_1_67' title='bbox 803 786 1072 845; x_wconf 76' lang='grc' dir='ltr'><em>δυνάμεων,</em></span> <span class='ocrx_word' id='word_1_68' title='bbox 1114 790 1284 846; x_wconf 87' lang='grc' dir='ltr'><em>κρίνων</em></span> <span class='ocrx_word' id='word_1_69' title='bbox 1315 788 1495 844; x_wconf 83' lang='grc' dir='ltr'><em>δίκαια,</em></span> <span class='ocrx_word' id='word_1_70' title='bbox 1538 790 1670 834; x_wconf 79' lang='grc' dir='ltr'><em>δοκι-</em></span> 
     </span>
     <span class='ocr_line' id='line_1_11' title="bbox 237 864 1671 927; baseline -0.001 -14"><span class='ocrx_word' id='word_1_71' title='bbox 237 867 395 926; x_wconf 83' lang='grc' dir='ltr'><em>μάζων</em></span> <span class='ocrx_word' id='word_1_72' title='bbox 428 866 624 927; x_wconf 73' lang='grc' dir='ltr'><em>νεφροὺς</em></span> <span class='ocrx_word' id='word_1_73' title='bbox 654 869 730 910; x_wconf 80' lang='grc' dir='ltr'><em>καὶ</em></span> <span class='ocrx_word' id='word_1_74' title='bbox 760 868 972 925; x_wconf 74' lang='grc' dir='ltr'><em>καρδίας,</em></span> <span class='ocrx_word' id='word_1_75' title='bbox 1015 866 1162 923; x_wconf 78' lang='grc' dir='ltr'><em>ἴδοιμι</em></span> <span class='ocrx_word' id='word_1_76' title='bbox 1200 864 1283 921; x_wconf 89' lang='grc' dir='ltr'><em>τὴν</em></span> <span class='ocrx_word' id='word_1_77' title='bbox 1321 866 1445 925; x_wconf 78' lang='grc' dir='ltr'><em>παρὰ</em></span> <span class='ocrx_word' id='word_1_78' title='bbox 1477 869 1560 911; x_wconf 90' lang='grc' dir='ltr'><em>σοῦ</em></span> <span class='ocrx_word' id='word_1_79' title='bbox 1591 869 1671 912; x_wconf 73' lang='grc' dir='ltr'><em>ἑκ-</em></span> 
     </span>
     <span class='ocr_line' id='line_1_12' title="bbox 239 939 1670 1004; baseline 0.001 -14"><span class='ocrx_word' id='word_1_80' title='bbox 239 949 420 1002; x_wconf 76' lang='grc' dir='ltr'><em>ὃίκησιν</em></span> <span class='ocrx_word' id='word_1_81' title='bbox 457 946 503 996; x_wconf 76' lang='grc' dir='ltr'><em>ἐξ</em></span> <span class='ocrx_word' id='word_1_82' title='bbox 545 944 747 989; x_wconf 82' lang='grc' dir='ltr'><em>αὐτῶν.“</em></span> <span class='ocrx_word' id='word_1_83' title='bbox 805 945 1112 1004; x_wconf 80' lang='grc' dir='ltr'><em>Προφητικιῦς</em></span> <span class='ocrx_word' id='word_1_84' title='bbox 1151 945 1292 987; x_wconf 88' lang='grc' dir='ltr'><em>ταῦτα</em></span> <span class='ocrx_word' id='word_1_85' title='bbox 1322 939 1500 1001; x_wconf 77' lang='grc' dir='ltr'><em>εὔχεται</em></span> <span class='ocrx_word' id='word_1_86' title='bbox 1533 946 1670 998; x_wconf 80' lang='grc' dir='ltr'><em>ἰδεῖν,</em></span> 
     </span>
     <span class='ocr_line' id='line_1_13' title="bbox 240 1018 1672 1083; baseline -0.001 -15"><span class='ocrx_word' id='word_1_87' title='bbox 240 1023 322 1079; x_wconf 75' lang='grc' dir='ltr'><em>τὴν</em></span> <span class='ocrx_word' id='word_1_88' title='bbox 352 1023 477 1083; x_wconf 77' lang='grc' dir='ltr'><em>παρὰ</em></span> <span class='ocrx_word' id='word_1_89' title='bbox 498 1025 577 1067; x_wconf 91' lang='grc' dir='ltr'><em>τοῦ</em></span> <span class='ocrx_word' id='word_1_90' title='bbox 598 1025 709 1067; x_wconf 90' lang='grc' dir='ltr'><em>θεοῦ</em></span> <span class='ocrx_word' id='word_1_91' title='bbox 742 1022 975 1078; x_wconf 78' lang='grc' dir='ltr'><strong><em>ἐκδίκησιν</em></strong></span> <span class='ocrx_word' id='word_1_92' title='bbox 998 1020 1045 1071; x_wconf 73' lang='grc' dir='ltr'><em>ἐξ</em></span> <span class='ocrx_word' id='word_1_93' title='bbox 1067 1019 1240 1064; x_wconf 81' lang='grc' dir='ltr'><em>αὐτῶν·</em></span> <span class='ocrx_word' id='word_1_94' title='bbox 1273 1018 1551 1067; x_wconf 84' lang='grc' dir='ltr'><em>κεκύκλωται</em></span> <span class='ocrx_word' id='word_1_95' title='bbox 1578 1021 1672 1081; x_wconf 72' lang='grc' dir='ltr'><em>γὰρ</em></span> 
     </span>
     <span class='ocr_line' id='line_1_14' title="bbox 239 1093 1672 1161; baseline -0.001 -14"><span class='ocrx_word' id='word_1_96' title='bbox 239 1099 332 1147; x_wconf 81' lang='grc' dir='ltr'><em>ὑπὸ</em></span> <span class='ocrx_word' id='word_1_97' title='bbox 373 1101 694 1161; x_wconf 77' lang='grc' dir='ltr'><em>στρατοπέδων</em></span> <span class='ocrx_word' id='word_1_98' title='bbox 732 1097 755 1153; x_wconf 81' lang='grc' dir='ltr'><em>ἦ</em></span> <span class='ocrx_word' id='word_1_99' title='bbox 798 1096 1112 1158; x_wconf 75' lang='grc' dir='ltr'><em>Ἰερουσαλὴμ,</em></span> <span class='ocrx_word' id='word_1_100' title='bbox 1152 1099 1231 1141; x_wconf 86' lang='grc' dir='ltr'><em>καὶ</em></span> <span class='ocrx_word' id='word_1_101' title='bbox 1268 1093 1460 1157; x_wconf 75' lang='grc' dir='ltr'><em>ἤγγισεν</em></span> <span class='ocrx_word' id='word_1_102' title='bbox 1497 1097 1524 1155; x_wconf 83' lang='grc' dir='ltr'><em>ἦ</em></span> <span class='ocrx_word' id='word_1_103' title='bbox 1564 1098 1672 1158; x_wconf 74' lang='grc' dir='ltr'><em>ἐρή-</em></span> 
     </span>
     <span class='ocr_line' id='line_1_15' title="bbox 239 1173 1672 1237; baseline 0 -14"><span class='ocrx_word' id='word_1_104' title='bbox 239 1192 384 1236; x_wconf 90' lang='grc' dir='ltr'><em>μωσις</em></span> <span class='ocrx_word' id='word_1_105' title='bbox 414 1176 575 1233; x_wconf 81' lang='grc' dir='ltr'><em>αὐτῆς,</em></span> <span class='ocrx_word' id='word_1_106' title='bbox 607 1180 686 1221; x_wconf 86' lang='grc' dir='ltr'><em>καὶ</em></span> <span class='ocrx_word' id='word_1_107' title='bbox 716 1180 884 1235; x_wconf 85' lang='grc' dir='ltr'><em>εἴρηται</em></span> <span class='ocrx_word' id='word_1_108' title='bbox 915 1175 1050 1237; x_wconf 78' lang='grc' dir='ltr'><em>αὐτῇ·</em></span> <span class='ocrx_word' id='word_1_109' title='bbox 1084 1173 1227 1231; x_wconf 81' lang='grc' dir='ltr'><em>,,ῑδοὺ</em></span> <span class='ocrx_word' id='word_1_110' title='bbox 1243 1175 1309 1233; x_wconf 81' lang='lat'><em>³),</em></span> <span class='ocrx_word' id='word_1_111' title='bbox 1342 1174 1528 1235; x_wconf 72' lang='grc' dir='ltr'><em>ἀφίεται</em></span> <span class='ocrx_word' id='word_1_112' title='bbox 1558 1174 1672 1234; x_wconf 82' lang='grc' dir='ltr'><em>ὑμῖν</em></span> 
     </span>
     <span class='ocr_line' id='line_1_16' title="bbox 241 1244 1672 1315; baseline -0.001 -14"><span class='ocrx_word' id='word_1_113' title='bbox 241 1255 263 1301; x_wconf 83' lang='grc' dir='ltr'><em>ὃ</em></span> <span class='ocrx_word' id='word_1_114' title='bbox 310 1251 432 1305; x_wconf 86' lang='grc' dir='ltr'><em>οἶκος</em></span> <span class='ocrx_word' id='word_1_115' title='bbox 470 1253 600 1312; x_wconf 86' lang='grc' dir='ltr'><em>ὑμῶν</em></span> <span class='ocrx_word' id='word_1_116' title='bbox 639 1254 864 1314; x_wconf 82' lang='grc' dir='ltr'><em>ἕρημος.“</em></span> <span class='ocrx_word' id='word_1_117' title='bbox 931 1249 1133 1310; x_wconf 81' lang='grc' dir='ltr'><em>,,”Ιδοιμι</em></span> <span class='ocrx_word' id='word_1_118' title='bbox 1151 1251 1194 1310; x_wconf 69' lang='lat'><em>⁴)</em></span> <span class='ocrx_word' id='word_1_119' title='bbox 1236 1244 1320 1298; x_wconf 75' lang='grc' dir='ltr'><em>οὖν</em></span> <span class='ocrx_word' id='word_1_120' title='bbox 1359 1251 1503 1311; x_wconf 54' lang='grc' dir='ltr'><em>τὴνῧ)</em></span> <span class='ocrx_word' id='word_1_121' title='bbox 1545 1253 1672 1315; x_wconf 85' lang='grc' dir='ltr'><em>παρὰ</em></span> 
     </span>
     <span class='ocr_line' id='line_1_17' title="bbox 241 1327 1671 1389; baseline 0 -11"><span class='ocrx_word' id='word_1_122' title='bbox 241 1336 324 1378; x_wconf 89' lang='grc' dir='ltr'><em>σοῦ</em></span> <span class='ocrx_word' id='word_1_123' title='bbox 367 1333 599 1387; x_wconf 77' lang='grc' dir='ltr'><em>ἐκδίκησιν</em></span> <span class='ocrx_word' id='word_1_124' title='bbox 640 1332 690 1377; x_wconf 78' lang='grc' dir='ltr'><em>ἔν</em></span> <span class='ocrx_word' id='word_1_125' title='bbox 728 1332 904 1387; x_wconf 83' lang='grc' dir='ltr'><em>αὐτοῖς,</em></span> <span class='ocrx_word' id='word_1_126' title='bbox 958 1327 1024 1375; x_wconf 81' lang='grc' dir='ltr'><em>ὅτι</em></span> <span class='ocrx_word' id='word_1_127' title='bbox 1062 1328 1174 1389; x_wconf 86' lang='grc' dir='ltr'><em>πρὸς</em></span> <span class='ocrx_word' id='word_1_128' title='bbox 1212 1331 1263 1375; x_wconf 82' lang='grc' dir='ltr'><em>σὲ</em></span> <span class='ocrx_word' id='word_1_129' title='bbox 1304 1328 1581 1388; x_wconf 83' lang='grc' dir='ltr'><em>ἀπεκάλυψα</em></span> <span class='ocrx_word' id='word_1_130' title='bbox 1620 1331 1671 1378; x_wconf 83' lang='grc' dir='ltr'><em>τὸ</em></span> 
     </span>
     <span class='ocr_line' id='line_1_18' title="bbox 241 1404 1673 1468; baseline -0.001 -12"><span class='ocrx_word' id='word_1_131' title='bbox 241 1409 471 1467; x_wconf 75' lang='grc' dir='ltr'><em>δικαίωμα</em></span> <span class='ocrx_word' id='word_1_132' title='bbox 512 1427 619 1468; x_wconf 90' lang='grc' dir='ltr'><em>μου.</em></span> <span class='ocrx_word' id='word_1_133' title='bbox 683 1407 774 1453; x_wconf 85' lang='grc' dir='ltr'><em>Διὰ</em></span> <span class='ocrx_word' id='word_1_134' title='bbox 812 1411 944 1454; x_wconf 89' lang='grc' dir='ltr'><em>τοῦτο</em></span> <span class='ocrx_word' id='word_1_135' title='bbox 979 1405 1086 1454; x_wconf 73' lang='grc' dir='ltr'><em>τάδε</em></span> <span class='ocrx_word' id='word_1_136' title='bbox 1127 1411 1246 1465; x_wconf 80' lang='grc' dir='ltr'><em>λέγει</em></span> <span class='ocrx_word' id='word_1_137' title='bbox 1277 1404 1431 1464; x_wconf 85' lang='grc' dir='ltr'><em>κύριος</em></span> <span class='ocrx_word' id='word_1_138' title='bbox 1462 1409 1539 1452; x_wconf 74' lang='grc' dir='ltr'><em>ἐπὶ</em></span> <span class='ocrx_word' id='word_1_139' title='bbox 1568 1408 1673 1460; x_wconf 84' lang='grc' dir='ltr'><em>τούς</em></span> 
     </span>
     <span class='ocr_line' id='line_1_19' title="bbox 239 1483 1675 1551; baseline -0.001 -18"><span class='ocrx_word' id='word_1_140' title='bbox 239 1487 413 1551; x_wconf 69' lang='grc' dir='ltr'><em>ἄνδρας</em></span> <span class='ocrx_word' id='word_1_141' title='bbox 437 1486 675 1545; x_wconf 79' lang='grc' dir='ltr'><em>Ἀναθώθ,</em></span> <span class='ocrx_word' id='word_1_142' title='bbox 719 1487 823 1538; x_wconf 84' lang='grc' dir='ltr'><em>τούς</em></span> <span class='ocrx_word' id='word_1_143' title='bbox 854 1489 1090 1542; x_wconf 82' lang='grc' dir='ltr'><em>ζητοῦντας</em></span> <span class='ocrx_word' id='word_1_144' title='bbox 1119 1484 1202 1542; x_wconf 86' lang='grc' dir='ltr'><em>τὴν</em></span> <span class='ocrx_word' id='word_1_145' title='bbox 1233 1483 1394 1544; x_wconf 70' lang='grc' dir='ltr'><em>ψιχήν</em></span> <span class='ocrx_word' id='word_1_146' title='bbox 1420 1501 1538 1543; x_wconf 90' lang='grc' dir='ltr'><em>μου,</em></span> <span class='ocrx_word' id='word_1_147' title='bbox 1571 1485 1675 1538; x_wconf 80' lang='grc' dir='ltr'><em>τοὺς</em></span> 
     </span>
     <span class='ocr_line' id='line_1_20' title="bbox 240 1561 1673 1626; baseline -0.001 -15"><span class='ocrx_word' id='word_1_148' title='bbox 240 1572 480 1626; x_wconf 80' lang='grc' dir='ltr'><em>λέγοντας·</em></span> <span class='ocrx_word' id='word_1_149' title='bbox 515 1565 567 1610; x_wconf 84' lang='grc' dir='ltr'><em>οὐ</em></span> <span class='ocrx_word' id='word_1_150' title='bbox 597 1564 661 1622; x_wconf 88' lang='grc' dir='ltr'><em>μὴ</em></span> <span class='ocrx_word' id='word_1_151' title='bbox 693 1562 1011 1626; x_wconf 77' lang='grc' dir='ltr'><em>προφητεύσῃς</em></span> <span class='ocrx_word' id='word_1_152' title='bbox 1043 1564 1094 1609; x_wconf 72' lang='grc' dir='ltr'><em>ἐν</em></span> <span class='ocrx_word' id='word_1_153' title='bbox 1125 1561 1316 1621; x_wconf 85' lang='grc' dir='ltr'><em>ὀνόματι</em></span> <span class='ocrx_word' id='word_1_154' title='bbox 1343 1569 1518 1622; x_wconf 85' lang='grc' dir='ltr'><em>κυρίου,</em></span> <span class='ocrx_word' id='word_1_155' title='bbox 1553 1568 1591 1610; x_wconf 82' lang='grc' dir='ltr'><em>εἰ</em></span> <span class='ocrx_word' id='word_1_156' title='bbox 1622 1565 1673 1610; x_wconf 81' lang='grc' dir='ltr'><em>δὲ</em></span> 
     </span>
     <span class='ocr_line' id='line_1_21' title="bbox 239 1639 1672 1704; baseline -0.001 -15"><span class='ocrx_word' id='word_1_157' title='bbox 239 1645 332 1704; x_wconf 80' lang='grc' dir='ltr'><em>μὴ,</em></span> <span class='ocrx_word' id='word_1_158' title='bbox 375 1641 593 1704; x_wconf 73' lang='grc' dir='ltr'><em>ἀποθάνῃ</em></span> <span class='ocrx_word' id='word_1_159' title='bbox 636 1644 685 1688; x_wconf 73' lang='grc' dir='ltr'><em>ἐν</em></span> <span class='ocrx_word' id='word_1_160' title='bbox 725 1648 821 1693; x_wconf 87' lang='grc' dir='ltr'><em>ταῖς</em></span> <span class='ocrx_word' id='word_1_161' title='bbox 852 1645 1014 1701; x_wconf 86' lang='grc' dir='ltr'><em>χερσὶν</em></span> <span class='ocrx_word' id='word_1_162' title='bbox 1051 1639 1199 1700; x_wconf 79' lang='grc' dir='ltr'><em>ἡμῶν.</em></span> <span class='ocrx_word' id='word_1_163' title='bbox 1256 1641 1405 1701; x_wconf 74' lang='grc' dir='ltr'><em>Ἰδοὺ,</em></span> <span class='ocrx_word' id='word_1_164' title='bbox 1446 1641 1537 1702; x_wconf 79' lang='grc' dir='ltr'><em>ἐγώ</em></span> <span class='ocrx_word' id='word_1_165' title='bbox 1568 1644 1672 1688; x_wconf 77' lang='grc' dir='ltr'><em>ἔπι-</em></span> 
     </span>
     <span class='ocr_line' id='line_1_22' title="bbox 241 1719 1674 1782; baseline -0.003 -14"><span class='ocrx_word' id='word_1_166' title='bbox 241 1727 476 1782; x_wconf 80' lang='grc' dir='ltr'><em>σκέψομαι</em></span> <span class='ocrx_word' id='word_1_167' title='bbox 505 1722 570 1766; x_wconf 75' lang='grc' dir='ltr'><em>ἐπ’</em></span> <span class='ocrx_word' id='word_1_168' title='bbox 606 1720 791 1770; x_wconf 83' lang='grc' dir='ltr'><em>αὐτούς·</em></span> <span class='ocrx_word' id='word_1_169' title='bbox 838 1723 882 1765; x_wconf 77' lang='grc' dir='ltr'><em>οἱ</em></span> <span class='ocrx_word' id='word_1_170' title='bbox 921 1723 1154 1766; x_wconf 79' lang='grc' dir='ltr'><em>νεανίσκοι</em></span> <span class='ocrx_word' id='word_1_171' title='bbox 1192 1719 1342 1765; x_wconf 83' lang='grc' dir='ltr'><em>αὐτῶν</em></span> <span class='ocrx_word' id='word_1_172' title='bbox 1379 1720 1432 1766; x_wconf 74' lang='grc' dir='ltr'><em>ἐν</em></span> <span class='ocrx_word' id='word_1_173' title='bbox 1461 1722 1674 1781; x_wconf 70' lang='grc' dir='ltr'><em>ῥομφαίᾳ</em></span> 
     </span>
     <span class='ocr_line' id='line_1_23' title="bbox 243 1797 1675 1856; baseline -0.001 -11"><span class='ocrx_word' id='word_1_174' title='bbox 243 1802 605 1855; x_wconf 79' lang='grc' dir='ltr'><em>ἀποθανοῦνται,</em></span> <span class='ocrx_word' id='word_1_175' title='bbox 629 1802 706 1842; x_wconf 87' lang='grc' dir='ltr'><em>καὶ</em></span> <span class='ocrx_word' id='word_1_176' title='bbox 727 1801 771 1843; x_wconf 83' lang='grc' dir='ltr'><em>οἱ</em></span> <span class='ocrx_word' id='word_1_177' title='bbox 791 1800 881 1842; x_wconf 84' lang='grc' dir='ltr'><em>υἱοὶ</em></span> <span class='ocrx_word' id='word_1_178' title='bbox 906 1797 1056 1842; x_wconf 83' lang='grc' dir='ltr'><em>αὐτῶν</em></span> <span class='ocrx_word' id='word_1_179' title='bbox 1085 1801 1161 1842; x_wconf 84' lang='grc' dir='ltr'><em>καὶ</em></span> <span class='ocrx_word' id='word_1_180' title='bbox 1185 1800 1233 1841; x_wconf 81' lang='grc' dir='ltr'><em>αἱ</em></span> <span class='ocrx_word' id='word_1_181' title='bbox 1248 1800 1495 1856; x_wconf 76' lang='grc' dir='ltr'><em>θυγατέρες</em></span> <span class='ocrx_word' id='word_1_182' title='bbox 1526 1797 1675 1843; x_wconf 83' lang='grc' dir='ltr'><em>αὐτῶν</em></span> 
     </span>
     <span class='ocr_line' id='line_1_24' title="bbox 241 1873 1673 1935; baseline -0.003 -10"><span class='ocrx_word' id='word_1_183' title='bbox 241 1876 553 1934; x_wconf 85' lang='grc' dir='ltr'><em>τελευτήσουσι</em></span> <span class='ocrx_word' id='word_1_184' title='bbox 593 1880 727 1935; x_wconf 78' lang='grc' dir='ltr'><em>λιμῷ.</em></span> <span class='ocrx_word' id='word_1_185' title='bbox 785 1877 878 1919; x_wconf 85' lang='grc' dir='ltr'><em>Καὶ</em></span> <span class='ocrx_word' id='word_1_186' title='bbox 916 1873 1260 1933; x_wconf 73' lang='grc' dir='ltr'><em>ἐγκατάλειμμα</em></span> <span class='ocrx_word' id='word_1_187' title='bbox 1304 1875 1386 1920; x_wconf 83' lang='grc' dir='ltr'><em>οὐκ</em></span> <span class='ocrx_word' id='word_1_188' title='bbox 1422 1877 1546 1920; x_wconf 76' lang='grc' dir='ltr'><em>ἔσται</em></span> <span class='ocrx_word' id='word_1_189' title='bbox 1585 1877 1673 1920; x_wconf 66' lang='lat' dir='ltr'><em>ai&gt;-</em></span> 
     </span>
     <span class='ocr_line' id='line_1_25' title="bbox 241 1951 1669 2010; baseline -0.004 -7"><span class='ocrx_word' id='word_1_190' title='bbox 241 1962 355 2003; x_wconf 80' lang='grc' dir='ltr'><em>τῶν·</em></span> <span class='ocrx_word' id='word_1_191' title='bbox 396 1954 464 2001; x_wconf 85' lang='grc' dir='ltr'><em>ὅτι</em></span> <span class='ocrx_word' id='word_1_192' title='bbox 496 1953 648 2006; x_wconf 69' lang='grc' dir='ltr'><em>ἐπάξω</em></span> <span class='ocrx_word' id='word_1_193' title='bbox 689 1951 806 1996; x_wconf 80' lang='grc' dir='ltr'><em>κακὰ</em></span> <span class='ocrx_word' id='word_1_194' title='bbox 838 1953 915 1997; x_wconf 76' lang='grc' dir='ltr'><em>ἐπὶ</em></span> <span class='ocrx_word' id='word_1_195' title='bbox 945 1951 1048 2002; x_wconf 78' lang='grc' dir='ltr'><em>τοὺς</em></span> <span class='ocrx_word' id='word_1_196' title='bbox 1086 1955 1408 2003; x_wconf 86' lang='grc' dir='ltr'><em>κατοικοῦντας</em></span> <span class='ocrx_word' id='word_1_197' title='bbox 1434 1953 1669 2010; x_wconf 78' lang='grc' dir='ltr'><em>Ἀναθὼθ,</em></span> 
     </span>
     <span class='ocr_line' id='line_1_26' title="bbox 242 2029 1672 2091; baseline -0.002 -12"><span class='ocrx_word' id='word_1_198' title='bbox 242 2038 294 2082; x_wconf 72' lang='grc' dir='ltr'><em>ἐν</em></span> <span class='ocrx_word' id='word_1_199' title='bbox 331 2036 522 2091; x_wconf 71' lang='grc' dir='ltr'><em>ἐνιαυτῷ</em></span> <span class='ocrx_word' id='word_1_200' title='bbox 563 2033 844 2088; x_wconf 74' lang='grc' dir='ltr'><em>ἐπισκέψεως</em></span> <span class='ocrx_word' id='word_1_201' title='bbox 883 2029 1085 2075; x_wconf 81' lang='grc' dir='ltr'><em>αὐτῶν.“</em></span> <span class='ocrx_word' id='word_1_202' title='bbox 1144 2029 1478 2090; x_wconf 87' lang='grc' dir='ltr'><em>Προσχήματος</em></span> <span class='ocrx_word' id='word_1_203' title='bbox 1517 2031 1672 2078; x_wconf 78' lang='grc' dir='ltr'><em>ἕνεκεν</em></span> 
     </span>
     <span class='ocr_line' id='line_1_27' title="bbox 244 2106 1670 2171; baseline -0.004 -11"><span class='ocrx_word' id='word_1_204' title='bbox 244 2113 293 2159; x_wconf 89' lang='grc' dir='ltr'><em>τὸ</em></span> <span class='ocrx_word' id='word_1_205' title='bbox 334 2109 485 2171; x_wconf 74' lang='grc' dir='ltr'><em>ὄνομα</em></span> <span class='ocrx_word' id='word_1_206' title='bbox 524 2113 599 2167; x_wconf 88' lang='grc' dir='ltr'><em>τῆς</em></span> <span class='ocrx_word' id='word_1_207' title='bbox 634 2108 848 2155; x_wconf 80' lang='grc' dir='ltr'><em>Ἀναθὼθ</em></span> <span class='ocrx_word' id='word_1_208' title='bbox 887 2106 1056 2154; x_wconf 76' lang='grc' dir='ltr'><em>ἐνθάδε</em></span> <span class='ocrx_word' id='word_1_209' title='bbox 1093 2106 1389 2166; x_wconf 80' lang='grc' dir='ltr'><em>λαμβάνεται.</em></span> <span class='ocrx_word' id='word_1_210' title='bbox 1441 2108 1579 2155; x_wconf 87' lang='grc' dir='ltr'><em>Ὅλον</em></span> <span class='ocrx_word' id='word_1_211' title='bbox 1618 2110 1670 2155; x_wconf 83' lang='grc' dir='ltr'><em>δὲ</em></span> 
     </span>
     <span class='ocr_line' id='line_1_28' title="bbox 242 2185 1671 2249; baseline -0.003 -11"><span class='ocrx_word' id='word_1_212' title='bbox 242 2191 292 2238; x_wconf 87' lang='grc' dir='ltr'><strong><em>τὸ</em></strong></span> <span class='ocrx_word' id='word_1_213' title='bbox 319 2189 575 2237; x_wconf 79' lang='grc' dir='ltr'><em>Ἰουδαϊκὸν</em></span> <span class='ocrx_word' id='word_1_214' title='bbox 601 2185 856 2247; x_wconf 87' lang='grc' dir='ltr'><em>μυστήριον</em></span> <span class='ocrx_word' id='word_1_215' title='bbox 884 2189 1107 2244; x_wconf 83' lang='grc' dir='ltr'><em>τροπικῶς</em></span> <span class='ocrx_word' id='word_1_216' title='bbox 1137 2188 1187 2232; x_wconf 79' lang='grc' dir='ltr'><em>ἐν</em></span> <span class='ocrx_word' id='word_1_217' title='bbox 1218 2187 1325 2249; x_wconf 80' lang='grc' dir='ltr'><em>αὐτῇ</em></span> <span class='ocrx_word' id='word_1_218' title='bbox 1356 2191 1552 2244; x_wconf 83' lang='grc' dir='ltr'><em>εἴρηται·</em></span> <span class='ocrx_word' id='word_1_219' title='bbox 1594 2188 1671 2247; x_wconf 84' lang='grc' dir='ltr'><em>ἑρ-</em></span> 
     </span>
     <span class='ocr_line' id='line_1_29' title="bbox 241 2263 1672 2328; baseline -0.003 -12"><span class='ocrx_word' id='word_1_220' title='bbox 241 2268 483 2328; x_wconf 85' lang='grc' dir='ltr'><em>μηνεύεται</em></span> <span class='ocrx_word' id='word_1_221' title='bbox 521 2267 611 2327; x_wconf 76' lang='grc' dir='ltr'><em>γὰρ</em></span> <span class='ocrx_word' id='word_1_222' title='bbox 652 2263 890 2321; x_wconf 80' lang='grc' dir='ltr'><em>Ἀναθὼθ,</em></span> <span class='ocrx_word' id='word_1_223' title='bbox 944 2264 1235 2323; x_wconf 78' lang='grc' dir='ltr'><em>ἒπακουσμός</em></span> <span class='ocrx_word' id='word_1_224' title='bbox 1280 2269 1359 2311; x_wconf 87' lang='grc' dir='ltr'><em>τοῦ</em></span> <span class='ocrx_word' id='word_1_225' title='bbox 1398 2270 1526 2312; x_wconf 86' lang='grc' dir='ltr'><em>θεοῦ.</em></span> <span class='ocrx_word' id='word_1_226' title='bbox 1593 2267 1672 2313; x_wconf 82' lang='grc' dir='ltr'><em>Ἐν</em></span> 
     </span>
     <span class='ocr_line' id='line_1_30' title="bbox 244 2341 1672 2405; baseline -0.005 -11"><span class='ocrx_word' id='word_1_227' title='bbox 244 2350 402 2405; x_wconf 72' lang='grc' dir='ltr'><em>ἐκείνῳ</em></span> <span class='ocrx_word' id='word_1_228' title='bbox 443 2341 499 2403; x_wconf 76' lang='grc' dir='ltr'><em>ἦν</em></span> <span class='ocrx_word' id='word_1_229' title='bbox 530 2351 590 2403; x_wconf 78' lang='grc' dir='ltr'><em>τῷ</em></span> <span class='ocrx_word' id='word_1_230' title='bbox 634 2348 737 2402; x_wconf 52' lang='lat' dir='ltr'><em>&amp;aql</em></span> <span class='ocrx_word' id='word_1_231' title='bbox 769 2342 827 2394; x_wconf 79' lang='grc' dir='ltr'><em>ὠς</em></span> <span class='ocrx_word' id='word_1_232' title='bbox 864 2346 941 2387; x_wconf 87' lang='grc' dir='ltr'><em>καὶ</em></span> <span class='ocrx_word' id='word_1_233' title='bbox 980 2342 1006 2399; x_wconf 86' lang='grc' dir='ltr'>ἡ</span> <span class='ocrx_word' id='word_1_234' title='bbox 1051 2347 1257 2399; x_wconf 84' lang='grc' dir='ltr'><em>βασιλεία</em></span> <span class='ocrx_word' id='word_1_235' title='bbox 1296 2348 1375 2388; x_wconf 91' lang='grc' dir='ltr'><em>τοῦ</em></span> <span class='ocrx_word' id='word_1_236' title='bbox 1415 2348 1551 2400; x_wconf 88' lang='grc' dir='ltr'><em>θεοῦ,</em></span> <span class='ocrx_word' id='word_1_237' title='bbox 1593 2347 1672 2388; x_wconf 87' lang='grc' dir='ltr'><em>καὶ</em></span> 
     </span>
     <span class='ocr_line' id='line_1_31' title="bbox 240 2418 1670 2485; baseline -0.003 -12"><span class='ocrx_word' id='word_1_238' title='bbox 240 2430 433 2485; x_wconf 79' lang='grc' dir='ltr'><em>γέγονεν</em></span> <span class='ocrx_word' id='word_1_239' title='bbox 464 2426 541 2469; x_wconf 75' lang='grc' dir='ltr'><em>ἐπὶ</em></span> <span class='ocrx_word' id='word_1_240' title='bbox 570 2426 646 2478; x_wconf 82' lang='grc' dir='ltr'><em>τῆς</em></span> <span class='ocrx_word' id='word_1_241' title='bbox 672 2424 902 2478; x_wconf 81' lang='grc' dir='ltr'><em>βασιλείας</em></span> <span class='ocrx_word' id='word_1_242' title='bbox 929 2418 1006 2466; x_wconf 88' lang='grc' dir='ltr'><em>τό·</em></span> <span class='ocrx_word' id='word_1_243' title='bbox 1048 2455 1076 2478; x_wconf 92' lang='grc'><em>,,</em></span> <span class='ocrx_word' id='word_1_244' title='bbox 1092 2420 1337 2479; x_wconf 81' lang='grc' dir='ltr'><em>ἀρθήσεται</em></span> <span class='ocrx_word' id='word_1_245' title='bbox 1351 2423 1396 2480; x_wconf 77' lang='grc'><em>6)</em></span> <span class='ocrx_word' id='word_1_246' title='bbox 1427 2422 1504 2481; x_wconf 86' lang='grc' dir='ltr'><em>ἀφ’</em></span> <span class='ocrx_word' id='word_1_247' title='bbox 1538 2421 1670 2480; x_wconf 82' lang='grc' dir='ltr'><em>ὑμῶν</em></span> 
     </span>
     <span class='ocr_line' id='line_1_32' title="bbox 242 2498 1669 2561; baseline -0.004 -12"><span class='ocrx_word' id='word_1_248' title='bbox 242 2504 267 2560; x_wconf 78' lang='grc' dir='ltr'><em>ἦ</em></span> <span class='ocrx_word' id='word_1_249' title='bbox 300 2505 504 2561; x_wconf 81' lang='grc' dir='ltr'><em>βασιλεία</em></span> <span class='ocrx_word' id='word_1_250' title='bbox 533 2504 614 2545; x_wconf 89' lang='grc' dir='ltr'><em>τοῦ</em></span> <span class='ocrx_word' id='word_1_251' title='bbox 644 2503 771 2556; x_wconf 88' lang='grc' dir='ltr'><em>θεοῦ,</em></span> <span class='ocrx_word' id='word_1_252' title='bbox 803 2502 881 2544; x_wconf 88' lang='grc' dir='ltr'><em>καὶ</em></span> <span class='ocrx_word' id='word_1_253' title='bbox 910 2498 1158 2554; x_wconf 78' lang='grc' dir='ltr'><em>δοθήσεται</em></span> <span class='ocrx_word' id='word_1_254' title='bbox 1181 2501 1305 2546; x_wconf 76' lang='grc' dir='ltr'><em>ἔθνει</em></span> <span class='ocrx_word' id='word_1_255' title='bbox 1330 2503 1540 2547; x_wconf 86' lang='grc' dir='ltr'><em>ποιοῦντι</em></span> <span class='ocrx_word' id='word_1_256' title='bbox 1567 2499 1669 2551; x_wconf 81' lang='grc' dir='ltr'><em>τοὺς</em></span> 
     </span>
    </p>
   </div>
   <div class='ocr_carea' id='block_1_6' title="bbox 355 2670 1664 2872">
    <p class='ocr_par' dir='ltr' id='par_1_7' title="bbox 355 2670 1664 2872">
     <span class='ocr_line' id='line_1_33' title="bbox 359 2670 1495 2731; baseline -0.002 -16"><span class='ocrx_word' id='word_1_257' title='bbox 359 2674 400 2731; x_wconf 91' lang='lat'><em>¹)</em></span> <span class='ocrx_word' id='word_1_258' title='bbox 431 2672 508 2716; x_wconf 84' lang='lat' dir='ltr'><em>Ev.</em></span> <span class='ocrx_word' id='word_1_259' title='bbox 538 2670 688 2714; x_wconf 85' lang='lat' dir='ltr'>Joann.</span> <span class='ocrx_word' id='word_1_260' title='bbox 719 2671 828 2722; x_wconf 86' lang='lat' dir='ltr'>XII,</span> <span class='ocrx_word' id='word_1_261' title='bbox 857 2670 926 2716; x_wconf 75' lang='grc'><em>24.</em></span> <span class='ocrx_word' id='word_1_262' title='bbox 1047 2671 1089 2728; x_wconf 85' lang='lat'><em>2)</em></span> <span class='ocrx_word' id='word_1_263' title='bbox 1119 2673 1277 2716; x_wconf 84' lang='lat' dir='ltr'><strong>Jerem.</strong></span> <span class='ocrx_word' id='word_1_264' title='bbox 1308 2670 1396 2723; x_wconf 88' lang='lat' dir='ltr'><em>XI,</em></span> <span class='ocrx_word' id='word_1_265' title='bbox 1426 2671 1495 2716; x_wconf 84' lang='grc'><em>20.</em></span> 
     </span>
     <span class='ocr_line' id='line_1_34' title="bbox 355 2740 1664 2802; baseline -0.002 -15"><span class='ocrx_word' id='word_1_266' title='bbox 355 2746 400 2802; x_wconf 84' lang='lat'><em>³)</em></span> <span class='ocrx_word' id='word_1_267' title='bbox 430 2744 580 2787; x_wconf 82' lang='lat' dir='ltr'><strong>Matth.</strong></span> <span class='ocrx_word' id='word_1_268' title='bbox 610 2742 782 2795; x_wconf 84' lang='lat' dir='ltr'>XXIII,</span> <span class='ocrx_word' id='word_1_269' title='bbox 811 2741 878 2786; x_wconf 81' lang='grc'><em>38.</em></span> <span class='ocrx_word' id='word_1_270' title='bbox 972 2741 1012 2799; x_wconf 77' lang='lat'><em>⁴)</em></span> <span class='ocrx_word' id='word_1_271' title='bbox 1047 2742 1132 2786; x_wconf 87' lang='lat' dir='ltr'>Cfr.</span> <span class='ocrx_word' id='word_1_272' title='bbox 1161 2744 1319 2785; x_wconf 86' lang='lat' dir='ltr'>Jerem.</span> <span class='ocrx_word' id='word_1_273' title='bbox 1349 2742 1438 2793; x_wconf 90' lang='lat' dir='ltr'><em>XI,</em></span> <span class='ocrx_word' id='word_1_274' title='bbox 1468 2740 1664 2786; x_wconf 80' lang='lat'><strong>20—23.</strong></span> 
     </span>
     <span class='ocr_line' id='line_1_35' title="bbox 356 2810 1605 2872; baseline -0.001 -16"><span class='ocrx_word' id='word_1_275' title='bbox 356 2813 399 2871; x_wconf 75' lang='grc'><em>6)</em></span> <span class='ocrx_word' id='word_1_276' title='bbox 429 2815 562 2858; x_wconf 83' lang='lat' dir='ltr'><strong>Deest</strong></span> <span class='ocrx_word' id='word_1_277' title='bbox 591 2810 756 2872; x_wconf 75' lang='grc' dir='ltr'><em>,,τήν“</em></span> <span class='ocrx_word' id='word_1_278' title='bbox 787 2812 833 2855; x_wconf 85' lang='lat' dir='ltr'><em>in</em></span> <span class='ocrx_word' id='word_1_279' title='bbox 863 2813 927 2856; x_wconf 86' lang='lat' dir='ltr'><em>ed.</em></span> <span class='ocrx_word' id='word_1_280' title='bbox 959 2814 1008 2856; x_wconf 84' lang='lat' dir='ltr'><em>R.</em></span> <span class='ocrx_word' id='word_1_281' title='bbox 1129 2813 1172 2870; x_wconf 79' lang='grc'><em>6)</em></span> <span class='ocrx_word' id='word_1_282' title='bbox 1202 2813 1353 2857; x_wconf 80' lang='lat' dir='ltr'><strong>Matth.</strong></span> <span class='ocrx_word' id='word_1_283' title='bbox 1382 2812 1511 2864; x_wconf 81' lang='lat' dir='ltr'>XXI,</span> <span class='ocrx_word' id='word_1_284' title='bbox 1538 2811 1605 2856; x_wconf 86' lang='lat'><em>43.</em></span> 
     </span>
    </p>
   </div>
   <div class='ocr_carea' id='block_1_7' title="bbox 244 2612 376 2617">
    <p class='ocr_par' dir='ltr' id='par_1_8' title="bbox 244 2612 376 2617">
     <span class='ocr_line' id='line_1_36' title="bbox 244 2612 376 2617; baseline 0 0"><span class='ocrx_word' id='word_1_285' title='bbox 244 2612 376 2617; x_wconf 95' lang='lat' dir='ltr'><em> </em></span> 
     </span>
    </p>
   </div>
   <div class='ocr_carea' id='block_1_8' title="bbox 481 551 1734 615">
    <p class='ocr_par' dir='ltr' id='par_1_9' title="bbox 481 551 1734 615">
     <span class='ocr_line' id='line_1_37' title="bbox 481 551 1734 615; baseline 0.001 -15"><span class='ocrx_word' id='word_1_286' title='bbox 481 556 528 600; x_wconf 88' lang='grc' dir='ltr'><strong><em>Ὁ</em></strong></span> <span class='ocrx_word' id='word_1_287' title='bbox 567 554 768 605; x_wconf 81' lang='grc' dir='ltr'><em>θάνατος</em></span> <span class='ocrx_word' id='word_1_288' title='bbox 802 557 880 599; x_wconf 90' lang='grc' dir='ltr'><em>τοῦ</em></span> <span class='ocrx_word' id='word_1_289' title='bbox 908 554 1053 611; x_wconf 87' lang='grc' dir='ltr'><em>Ἰησοῦ</em></span> <span class='ocrx_word' id='word_1_290' title='bbox 1091 551 1276 603; x_wconf 85' lang='grc' dir='ltr'><em>τούτους</em></span> <span class='ocrx_word' id='word_1_291' title='bbox 1315 551 1490 606; x_wconf 79' lang='grc' dir='ltr'><em>πάντας</em></span> <span class='ocrx_word' id='word_1_292' title='bbox 1527 556 1666 615; x_wconf 75' lang='grc' dir='ltr'><em>ἔκαρ-</em></span> <span class='ocrx_word' id='word_1_293' title='bbox 1723 567 1734 611; x_wconf 60' lang='grc' dir='ltr'>ᾗ</span> 
     </span>
    </p>
   </div>
   <div class='ocr_carea' id='block_1_9' title="bbox 1708 0 1734 612">
    <p class='ocr_par' dir='ltr' id='par_1_10' title="bbox 1708 0 1734 612">
     <span class='ocr_line' id='line_1_38' title="bbox 1708 0 1734 612; baseline 0 2500"><span class='ocrx_word' id='word_1_294' title='bbox 1708 0 1734 612; x_wconf 95' lang='lat' dir='ltr'><em> </em></span> 
     </span>
    </p>
   </div>
   <div class='ocr_carea' id='block_1_10' title="bbox 1722 817 1734 1555">
    <p class='ocr_par' dir='ltr' id='par_1_11' title="bbox 1722 817 1734 1555">
     <span class='ocr_line' id='line_1_39' title="bbox 1722 817 1734 926; baseline 0 -11"><span class='ocrx_word' id='word_1_295' title='bbox 1722 817 1734 926; x_wconf 67' lang='lat' dir='ltr'><em>Jj</em></span> 
     </span>
     <span class='ocr_line' id='line_1_40' title="bbox 1728 941 1734 978; baseline 0 0"><span class='ocrx_word' id='word_1_296' title='bbox 1728 941 1734 978; x_wconf 69' lang='grc' dir='ltr'>Ι</span> 
     </span>
     <span class='ocr_line' id='line_1_41' title="bbox 1724 979 1734 1114; baseline 0 0"><span class='ocrx_word' id='word_1_297' title='bbox 1724 979 1734 1114; x_wconf 73' lang='lat'><em>31</em></span> 
     </span>
     <span class='ocr_line' id='line_1_42' title="bbox 1725 1115 1734 1162; baseline 0 -6"><span class='ocrx_word' id='word_1_298' title='bbox 1725 1115 1734 1162; x_wconf 65' lang='grc' dir='ltr'><em>,Ἴ</em></span> 
     </span>
     <span class='ocr_line' id='line_1_43' title="bbox 1725 1163 1734 1477; baseline 0 0"><span class='ocrx_word' id='word_1_299' title='bbox 1725 1163 1734 1477; x_wconf 62' lang='lat'><em>¹}</em></span> 
     </span>
     <span class='ocr_line' id='line_1_44' title="bbox 1732 1478 1734 1555; baseline 0 0"><span class='ocrx_word' id='word_1_300' title='bbox 1732 1478 1734 1555; x_wconf 65' lang='lat' dir='ltr'><em>A</em></span> 
     </span>
    </p>
   </div>
  </div>
 </body>
</html>
