1763 3112
572 92 771 135 HommA
808 92 966 134 XVIII.
1390 96 1469 141 321

65 208 218 256 ἔθνος·
249 209 325 250 καὶ
364 206 518 262 ἕπεὶῑ)
556 208 689 249 τοῦτο
727 203 1177 262 ἀνοικοδομούμενοι]
1214 210 1289 249 καὶ
1326 225 1468 253 κατα-

67 282 382 342 φυτευόμενον
409 283 543 332 ἔθνος
572 284 848 340 ἐπαγγελίαν
876 282 962 338 ἔχει
996 280 1158 337 καλήν,
1200 281 1387 328 δύναται
1417 288 1467 331 δὲ

61 359 358 421 ἁμαρτάνειν,
392 362 507 417 φησὶ
533 360 647 419 μετά
669 357 719 403 τὸ
739 360 929 414 λαλῆσαι
948 361 1106 401 ταῦτα·
1137 357 1256 414 ,,ἔάν
1273 360 1316 416 ²)
1347 362 1466 406 ἀπο-

64 441 199 481 στῶσι
228 439 318 480 τῶν
347 437 494 494 ἔργων
524 440 615 481 τῶν
645 436 858 494 ἀγαθῶν,
878 436 921 492 3)
950 434 1214 493 μετανοήσω
1244 441 1348 495 περὶ
1378 442 1467 482 τῶν

63 514 275 571 ἀγαθῶν,
312 504 376 557 ὧν
406 511 600 567 ἐλάλησα
630 514 708 556 τοῦ
738 514 924 567 ποιῆσαι
954 511 1155 560 αὐτοῖς.“
1233 519 1346 558 Τίνα
1386 509 1467 561 οὖν

60 590 113 633 τὰ
144 588 227 634 δύο
259 591 392 645 ἔθνη,·
429 589 491 633 Τὸ
512 587 733 649 πρότερον
761 589 1037 646 ὀνομασθὲν,
1071 581 1107 647 ᾧ
1127 591 1308 636 ἀπειλεῖ
1334 591 1356 636 ὀ
1386 591 1467 638 λό-

58 681 165 724 γος*
209 669 285 710 καὶ
315 665 364 711 τὸ
395 666 627 725 δεύτερον,
673 658 709 722 ᾧ
740 666 1077 723 ἐπαγγέλλεται.
1135 668 1329 714 Ἀπειλεῖ
1352 675 1468 728 μέν-

59 761 127 788 τοι
156 760 223 801 γε,
257 741 382 799 ὥστε,
418 747 456 788 εἲ
484 741 783 802 μετανοῆσαι,
824 743 888 800 μὴ
931 747 1115 800 ποιῆσαι
1144 746 1199 790 τὰ
1229 750 1304 802 τῆς
1329 746 1468 793 ἀπει-

60 823 149 875 λῆς.
205 820 571 878 Ἐπαγγέλλεται,
604 818 739 875 ὥστε,
773 823 812 864 εἴ
838 824 1110 877 μεταπέσοι,
1141 827 1218 866 καὶ
1248 820 1376 874 ἄξιον
1403 824 1467 883 μὴ

59 901 234 954 γένοιτο
265 896 314 941 τὸ
346 897 557 954 δεύτερον
586 899 720 946 ἔθνος
755 899 847 940 τῶν
875 897 1180 954 ἐπαγγελιῶν,
1226 900 1289 956 μὴ
1318 899 1467 951 τεύξε-

59 980 168 1017 σθαι
199 973 362 1019 αὐτῶν.
420 977 535 1031 Περὶ
564 971 645 1018 δύο
675 971 872 1029 μάλιστα
902 974 1053 1018 ἐθνῶν
1081 974 1313 1031 πρόκειται
1340 984 1468 1023 πᾶσα

58 1049 84 1106 ἡ
118 1054 357 1108 οἰκονομία
385 1053 464 1095 τοῦ
495 1052 607 1095 θεοῦ
637 1054 729 1098 τοῖς
755 1049 807 1093 ἐν
835 1052 897 1107 τῷ
936 1048 1093 1108 κόσμῳ
1131 1051 1408 1110 ἀνθρώποις.
1424 1058 1469 1113 ⁴)

59 1131 226 1186 Γέγονε
263 1131 446 1189 πρῶτον
494 1128 629 1176 ἔθνος
671 1126 841 1175 ἐκεῖνος
874 1126 1074 1186 Ἰσραήλ·
1122 1128 1333 1190 δεύτερον
1376 1132 1467 1178 ἀπὸ

54 1207 131 1261 τῆς
161 1208 360 1262 Χριστοῦ
390 1205 635 1261 ἐπιδημίας
669 1205 802 1248 τοῦτο
840 1203 890 1248 τὸ
929 1205 1078 1254 ἔθνος.
1161 1209 1236 1264 Τῷ
1266 1213 1467 1270 προτέρῳ

55 1282 296 1338 ἠπείλησεν
326 1280 349 1326 ὁ
380 1280 485 1330 θεὸς
513 1278 543 1324 ἃ
577 1280 810 1336 ἠπείλησε,
851 1283 929 1323 καὶ
965 1285 1194 1341 βλέπομεν
1223 1287 1468 1347 πεπληρω-

55 1363 172 1416 μένα
189 1360 231 1416 ⁵)
261 1356 316 1402 τὰ
345 1360 422 1412 τῆς
451 1357 636 1412 ἀπειλῆς
663 1359 742 1400 τοῦ
772 1360 996 1416 προτέρου
1035 1359 1213 1410 ἔθνους.
1276 1361 1356 1406 Ἐν
1392 1367 1470 1407 αῖς

50 1439 295 1494 χμαλωσίᾳ
323 1437 582 1492 γεγένηται,
615 1431 878 1492 κατεσκάφη
909 1434 1058 1479 αὐτῶν
1088 1435 1115 1491 ἡ
1144 1435 1288 1495 πόλις,
1320 1447 1468 1503 καθῃ-

59 1516 168 1571 ρέθη
197 1511 246 1556 τὸ
278 1510 510 1571 ἀγίασμα,
541 1510 591 1556 τὸ
620 1510 948 1569 θυσιαστήριον
976 1517 1311 1571 καταβέβληται.
1372 1518 1468 1562 Οὐ-

58 1590 138 1634 δὲν
167 1590 230 1633 ἔτι
259 1588 443 1640 σώζεται
471 1591 564 1633 τῶν
591 1587 734 1632 πάλαι
765 1591 947 1645 σεμνῶν
974 1589 1079 1648 παρ’
1108 1591 1272 1642 αὐτοῖς.
1309 1590 1469 1654 ''EI-eye

53 1665 143 1725 γὰρ
173 1667 328 1724 ἐκείνῳ
360 1669 421 1723 τῷ
452 1667 577 1710 ἔθνει
610 1663 631 1710 ὁ
664 1663 793 1714 θεός·
826 1665 1160 1722 μετανοήσατε·
1191 1674 1268 1713 καὶ
1299 1671 1350 1715 οὐ
1380 1689 1467 1727 με-

53 1742 284 1799 τενόησαν.
330 1741 462 1788 Meu}
481 1741 531 1786 τὸ
555 1743 741 1791 ἐκείνοις
763 1746 971 1800 εἰρῆσθαι
996 1747 1148 1800 ταῦτα,
1181 1749 1299 1803 λέγει
1324 1746 1467 1806 τούτῳ

55 1824 116 1878 τῷ
148 1821 340 1878 δευτέρῳ
378 1823 502 1866 ἔθνει
541 1819 564 1865 ὁ
605 1818 710 1868 θεὸς
738 1818 792 1862 τὰ
821 1823 924 1877 περὶ
953 1823 1031 1864 τοῦ
1063 1821 1470 1885 ἀνοικοδομεῖσθαι

55 1895 180 1941 αὐτό.
229 1895 341 1956 ’Ὀρα
372 1898 450 1952 δὲ,
486 1895 553 1942 ὅτι
583 1900 659 1940 καὶ
688 1898 820 1940 τοῦτο
852 1896 900 1941 τὸ
930 1898 1064 1947 ἔθνος
1095 1894 1340 1959 ἄνθρωποί
1365 1906 1464 1958 εἰσι,

55 1972 307 2032 δυνάμενοι
345 1971 486 2018 πάλιν
525 1977 824 2032 παραπεσεῖν.
901 1972 990 2017 Διά
1039 1978 1170 2020 τοῦτο
1212 1980 1289 2020 καὶ
1326 1977 1468 2037 τούτῳ

173 2148 214 2203 ¹)
242 2148 296 2189 Η.
328 2148 371 2189 in
402 2158 536 2189 textu:
575 2147 722 2198 ,,ἒπί,“
762 2148 815 2188 ad
840 2163 967 2200 marg.
1006 2163 1128 2190 vero:
1168 2149 1302 2203 „Cod¹
1334 2151 1466 2193 Vatic.

57 2203 221 2260 (itemq.
251 2205 314 2246 ed.
345 2205 398 2245 R.
429 2203 473 2244 in
502 2203 664 2258 textu):
696 2203 835 2247 ἕπεί.“

174 2273 218 2330 ²)
252 2274 338 2316 Cfr.
368 2275 524 2317 Jerem.
553 2273 710 2324 XVIII,
742 2273 807 2318 10.

174 2343 216 2396 ³)
246 2342 302 2384 H.
333 2343 377 2385 in
404 2355 542 2385 textu:
583 2343 808 2400 ,,αγαθῶν
845 2345 909 2387 ὦν
947 2343 1142 2398 ἐλάλησα
1173 2347 1250 2388 τοῦ
1279 2348 1470 2399 ποιῆσαι

58 2398 241 2452 αὐτοῖς,ί
247 2400 344 2440 ‘ad
372 2416 498 2454 marg.
542 2415 666 2440 vero:
711 2400 845 2451 ‚,Cod.
884 2401 1017 2442 vatic.
1054 2400 1220 2471 (itemq.
1252 2403 1316 2443 ed.
1348 2403 1397 2444 R.
1428 2403 1470 2444 in

58 2455 219 2511 textu):
252 2453 458 2512 αγαθιῦν,
490 2455 754 2525 μετανοήσει)
786 2460 889 2514 περὶ
919 2460 1009 2501 τῶν
1039 2457 1233 2514 αγαθῶν
1263 2460 1331 2502 ὦν
1362 2459 1465 2503 ἔλα-

57 2515 168 2566 λησα
200 2514 278 2554 τοῦ
309 2516 499 2567 ποιῆσαι
532 2511 712 2560 αὐτοῖς*

173 2581 213 2636 ⁴)
245 2581 355 2623 Edd.
403 2581 455 2622 H.
486 2597 729 2637 perperam:
776 2581 1069 2639 ,,ἀνθρώποις
1114 2587 1296 2640 γέγονε·
1343 2585 1468 2639 πρῶ-

58 2639 171 2680 τον“
204 2641 295 2679 κτλ

173 2706 214 2763 ⁵)
246 2707 298 2747 H.
343 2708 395 2747 ad
434 2723 557 2759 marg.
573 2739 602 2785 ,
626 2707 675 2747 R.
716 2707 758 2748 in
794 2709 924 2750 notis:
966 2711 1109 2760 „deest
1148 2709 1189 2749 in
1221 2707 1325 2748 Cod.
1355 2708 1470 2749 Vati-

57 2778 188 2803 cano,
221 2764 602 2832 πεπληρωμέῧίνα
635 2786 685 2793 -
725 2763 836 2806 Edd.
867 2765 919 2806 H.
949 2781 1192 2823 perperam:
1230 2768 1472 2830 πεπληρω-

59 2817 283 2874 μένα·τά
303 2822 378 2872 τῆς
398 2845 446 2851 -
471 2821 631 2867 ἔθνους
648 2821 697 2863 ἒν
714 2845 762 2853 —
784 2827 1032 2878 γεγένηται.
1084 2818 1360 2878 Κατεσκᾰφη
1377 2824 1467 2866 κτλ.

65 2894 285 2938 OmGENJs
311 2895 481 2938 OPERA.
529 2895 648 2937 ΤοΜ.
664 2895 757 2937 XV.
1172 2897 1223 2940 21
