1734 3112
214 124 267 167 14
504 124 725 166 Onici-:ms
755 137 799 165 m
832 122 1015 165 CAwrlc.
1048 122 1352 166 meconum

212 235 402 290 gentibus
434 235 550 286 dicit,
582 248 623 277 et
653 237 871 293 quomodo
903 252 986 276 non
1019 236 1145 276 vitam
1180 236 1300 276 nobis
1321 237 1520 291 praebeat
1550 235 1637 292 ejus

211 316 382 365 umbra,
425 331 555 370 quum
597 328 638 355 et
677 314 718 354 in
759 326 966 369 conceptu
999 313 1190 369 corporis
1230 313 1342 353 illius
1374 315 1424 353 ad
1457 314 1635 354 Mariam

211 393 394 434 dicatur:
436 392 699 448 ‚,spiritus¹)
732 404 895 432 sanetus
928 391 1066 432 veniet
1096 407 1223 447 super
1254 402 1315 440 te,
1347 402 1388 431 et
1419 391 1547 432 virtus
1578 392 1636 432 al-

209 471 358 512 tissimi
389 469 660 511 obumbrabit
688 469 830 511 tibi?“
890 469 936 511 Si
978 485 1075 522 ergo
1109 468 1378 509 obumbratio
1410 469 1491 510 suit
1521 469 1635 511 altis·

209 548 302 589 simi
334 549 377 589 in
407 547 691 603 conspectu2)
723 546 914 602 corporis
945 546 1054 603 ejus,
1087 546 1239 587 merito
1272 548 1419 588 umbra
1453 547 1538 605 ejus
1572 547 1633 588 vi-

207 637 294 666 tam
324 626 515 678 gentibus
546 625 673 667 dabit.
732 624 787 664 Et
827 624 979 665 merito
1020 641 1172 680 sponsa
1215 623 1301 681 ejus
1342 625 1517 667 ecclesia
1555 627 1632 667 sub

207 703 309 744 meli
338 704 488 744 umbra
517 703 663 744 sedere
696 701 969 758 concupiscit,
999 702 1087 743 sine
1120 702 1265 752 dubio,
1296 714 1343 743 ut
1372 703 1494 754 vitae,
1527 720 1632 758 quae

208 793 270 823 est
299 782 342 822 in
373 781 461 839 ejus
490 782 653 832 umbra,
683 780 892 837 particeps
923 780 1007 821 fiat.
1054 780 1336 836 Reliquorum
1367 796 1467 821 vero
1497 780 1634 834 ligno-

207 877 302 901 rum
343 860 483 918 sylvae
532 861 681 900 umbra
721 858 814 900 talis
858 869 942 909 est,
979 869 1047 908 ut,
1091 857 1162 914 qui
1207 858 1363 900 sederit
1406 859 1483 901 sub
1528 858 1633 915 ipsa,

207 940 354 980 sedere
392 938 584 979 videatur
623 936 665 977 in
701 936 874 989 regione
913 937 1084 977 umbrae
1126 937 1288 978 mortis.
1359 936 1446 979 Sed
1482 937 1631 988 adhuc,

206 1028 252 1058 ut
282 1017 410 1069 magis
439 1033 488 1057 ac
516 1014 645 1068 magis
675 1014 844 1071 planior
873 1015 1074 1055 reddatur
1106 1015 1246 1066 locus,
1279 1014 1351 1071 qui
1380 1016 1558 1057 habetur
1586 1015 1631 1056 in

205 1095 411 1145 manibus,
441 1094 726 1150 requiramus,
757 1093 976 1149 quomodo
1007 1092 1240 1149 Apostolus
1272 1092 1463 1150 dicat3),
1494 1094 1630 1147 legem

207 1174 398 1213 umbram
428 1172 580 1213 habere
611 1172 853 1212 futurorum
882 1171 1116 1221 bonorum,
1159 1182 1199 1211 et
1232 1171 1394 1222 omnia,
1425 1188 1531 1228 quae
1562 1172 1630 1213 vel

206 1251 259 1291 de
291 1250 438 1292 diebus
470 1249 605 1300 festis,
637 1250 705 1290 vel
735 1249 938 1299 sabbatis,
977 1249 1044 1289 vel
1074 1248 1307 1290 neomeniis
1337 1250 1491 1305 scripta
1520 1261 1629 1299 sunt,

206 1330 399 1369 umbram
432 1344 518 1369 esse
547 1339 759 1368 memoret
774 1327 817 1384 4)
848 1328 1090 1367 futurorum
1119 1327 1357 1376 bonorum,
1385 1325 1427 1366 in
1460 1325 1521 1366 his
1551 1325 1630 1366 sci-

205 1406 325 1457 licet,
373 1421 477 1462 quae
515 1405 747 1445 secundum
790 1404 957 1445 literam
1007 1405 1275 1456 gerebantur:
1327 1415 1367 1444 et
1407 1404 1627 1460 quomodo

203 1500 372 1525 omnem
415 1494 606 1524 veterum
653 1483 860 1523 culturam
898 1482 1113 1537 exemplar
1161 1481 1259 1537 et⁵)
1296 1482 1490 1522 umbram
1528 1498 1627 1537 pro-

202 1562 364 1604 nuntiet
395 1577 482 1602 esse
515 1560 777 1602 coelestium.
839 1558 970 1614 Quod
1001 1557 1147 1615 utique
1186 1556 1220 1599 si
1259 1556 1317 1598 ita
1364 1569 1447 1609 est,
1489 1571 1628 1600 osten-

201 1641 359 1681 duntur
398 1640 475 1680 sub
513 1640 664 1679 umbra
705 1637 807 1690 legis
850 1636 1004 1678 sedisse
1056 1652 1222 1687 omneS,
1270 1635 1510 1693 quicunque
1549 1639 1626 1678 sub

199 1718 291 1771 lege
323 1727 456 1766 erant,
499 1727 541 1756 et
570 1717 763 1756 umbram
802 1714 930 1767 magis
960 1731 1082 1755 verae
1124 1713 1225 1767 legis
1256 1713 1477 1757 habebant.
1536 1716 1623 1755 Nos

200 1806 341 1836 autem
374 1792 500 1834 alieni
529 1809 672 1834 sumus
692 1793 742 1832 ab
759 1793 909 1833 umbra
940 1808 1102 1842 eorum,
1134 1790 1334 1847 quoniam
1364 1807 1451 1832 non
1481 1809 1623 1833 sumus

198 1874 276 1914 sub
306 1872 421 1925 lege,
461 1870 536 1911 sed
564 1870 641 1910 sub
672 1868 812 1922 gratia.
874 1869 960 1911 Sed
992 1869 1180 1926 quamvis
1209 1884 1296 1909 non
1314 1869 1356 1924 ⁶)
1388 1868 1517 1910 simus
1546 1871 1623 1911 sub

199 1951 349 1991 umbra
378 1948 474 1998 illa,
521 1936 643 2003 quain
676 1944 778 2000 legis
804 1945 927 1988 litera
955 1947 1156 1998 faciebat,
1201 1963 1343 1989 sumus
1372 1959 1513 1989 tamen
1544 1949 1623 1990 sub

198 2028 348 2069 umbra
385 2024 577 2067 meliore.
647 2024 697 2065 In
741 2024 892 2064 umbra
941 2023 1052 2065 enim
1094 2023 1249 2067 Christi
1296 2024 1475 2067 vivimus
1512 2026 1622 2068 inter

197 2116 351 2158 gentes.
409 2103 465 2144 Et
496 2112 556 2142 est
588 2101 804 2157 profectus
842 2101 1036 2157 quidam,
1074 2103 1127 2143 de
1156 2104 1306 2145 umbra
1346 2103 1448 2157 legis
1478 2104 1620 2145 venire

197 2183 251 2223 ad
278 2183 472 2222 umbram
503 2178 680 2222 Christi:
727 2190 795 2229 ut,
836 2179 933 2235 quia
964 2179 1151 2222 Christus
1183 2192 1243 2223 est
1274 2180 1359 2223 vita
1397 2193 1438 2222 et
1468 2181 1618 2222 veritas

198 2271 240 2301 et
269 2259 357 2310 via,
397 2257 632 2300 efficiamur
660 2256 799 2313 primo
832 2255 875 2297 in
904 2257 1051 2299 umbra
1083 2258 1197 2308 viae,
1237 2269 1278 2299 et
1307 2257 1351 2298 in
1380 2259 1528 2299 umbra
1559 2259 1620 2299 vi-

195 2348 283 2388 tae,
314 2334 367 2378 'et
396 2335 438 2378 in
466 2335 616 2377 umbra
645 2333 851 2385 veritatis,
890 2346 937 2376 ut
969 2336 1373 2392 comprehendamus
1407 2352 1454 2377 ex
1483 2347 1618 2392 parte,

197 2425 239 2455 et
268 2413 311 2454 in
341 2413 516 2470 speculo
547 2428 594 2454 ac
624 2411 668 2454 in
697 2411 952 2466 aenigmate,
993 2423 1041 2454 ut
1069 2424 1167 2469 post
1195 2413 1298 2455 haec
1315 2414 1356 2470 7)
1387 2413 1420 2455 si
1450 2413 1616 2455 inceda-

315 2547 355 2604 ¹)
384 2547 484 2587 Luc.
515 2546 549 2596 I,
579 2546 647 2591 35.
765 2547 809 2604 ²)
839 2546 948 2588 Edd.
980 2546 1039 2588 M.
1073 2553 1369 2604 ‚,conceptu.“

312 2618 355 2674 ³)
386 2616 474 2659 Cfr.
505 2616 635 2658 Hehr.
666 2615 721 2667 X,
749 2615 785 2659 1.
905 2616 947 2671 ⁴)
979 2616 1089 2657 Edd.
1121 2617 1183 2659 M.
1215 2620 1506 2668 ,‚memorat.“

313 2688 355 2744 ⁵)
385 2687 495 2729 Edd.
527 2686 590 2728 Μ.
619 2718 644 2737 ‚,
659 2697 701 2727 et
724 2697 771 2726 ut
799 2686 1029 2727 umbram“
1061 2697 1138 2728 etc.

311 2760 353 2814 6)
384 2758 494 2799 Edd.
524 2757 586 2798 M.
617 2772 739 2806 „non
769 2772 910 2797 sumus
942 2757 1018 2797 sub
1041 2757 1189 2798 umbra
1210 2756 1324 2798 illius
1345 2756 1458 2809 legis,
1489 2772 1613 2812 quam

195 2816 312 2857 litera
344 2815 559 2855 faciebat“
590 2824 667 2855 ete.

312 2885 354 2940 7)
386 2885 494 2925 Edd.
525 2883 586 2924 M.
617 2883 753 2933 „haee
782 2882 1022 2924 incedamus
1053 2889 1162 2939 per“
1202 2893 1280 2924 etc.
