<?xml version="1.0" encoding="UTF-8"?>
<!DOCTYPE html PUBLIC "-//W3C//DTD XHTML 1.0 Transitional//EN"
    "http://www.w3.org/TR/xhtml1/DTD/xhtml1-transitional.dtd">
<html xmlns="http://www.w3.org/1999/xhtml" xml:lang="en" lang="en">
 <head>
  <title>
</title>
<meta http-equiv="Content-Type" content="text/html;charset=utf-8" />
  <meta name='ocr-system' content='tesseract 3.04.00' />
  <meta name='ocr-capabilities' content='ocr_page ocr_carea ocr_par ocr_line ocrx_word'/>
</head>
<body>
  <div class='ocr_page' id='page_1' title='image "./operaomniaquaegr15orig/operaomniaquaegr15orig_0097.png"; bbox 0 0 1734 3112; ppageno 0'>
   <div class='ocr_carea' id='block_1_1' title="bbox 641 110 1480 157">
    <p class='ocr_par' dir='ltr' id='par_1_1' title="bbox 641 110 1480 157">
     <span class='ocr_line' id='line_1_1' title="bbox 641 110 1480 157; baseline -0.002 -5"><span class='ocrx_word' id='word_1_1' title='bbox 641 114 781 153; x_wconf 72' lang='lat' dir='ltr'><strong>Lmen</strong></span> <span class='ocrx_word' id='word_1_2' title='bbox 811 110 882 152; x_wconf 81' lang='lat' dir='ltr'><strong>lv.</strong></span> <span class='ocrx_word' id='word_1_3' title='bbox 1425 113 1480 157; x_wconf 96' lang='grc'><strong>83</strong></span> 
     </span>
    </p>
   </div>
   <div class='ocr_carea' id='block_1_2' title="bbox 0 221 1486 1443">
    <p class='ocr_par' dir='ltr' id='par_1_2' title="bbox 0 221 1486 1443">
     <span class='ocr_line' id='line_1_2' title="bbox 165 221 1471 285; baseline -0.004 -14"><span class='ocrx_word' id='word_1_4' title='bbox 165 228 343 285; x_wconf 81' lang='lat' dir='ltr'><strong>„Capite</strong></span> <span class='ocrx_word' id='word_1_5' title='bbox 362 228 402 281; x_wconf 88' lang='lat'><strong>¹)</strong></span> <span class='ocrx_word' id='word_1_6' title='bbox 433 224 556 266; x_wconf 79' lang='lat' dir='ltr'><strong>nobis</strong></span> <span class='ocrx_word' id='word_1_7' title='bbox 587 225 735 280; x_wconf 86' lang='lat' dir='ltr'><strong>vulpes</strong></span> <span class='ocrx_word' id='word_1_8' title='bbox 755 223 928 280; x_wconf 80' lang='lat' dir='ltr'><strong>pusillas</strong></span> <span class='ocrx_word' id='word_1_9' title='bbox 960 221 1282 262; x_wconf 73' lang='lat' dir='ltr'><strong>exterminantes</strong></span> <span class='ocrx_word' id='word_1_10' title='bbox 1312 222 1471 265; x_wconf 87' lang='lat' dir='ltr'><strong>vineas:</strong></span> 
     </span>
     <span class='ocr_line' id='line_1_3' title="bbox 53 299 1477 347; baseline -0.004 0"><span class='ocrx_word' id='word_1_11' title='bbox 53 318 100 347; x_wconf 83' lang='lat' dir='ltr'><strong>et</strong></span> <span class='ocrx_word' id='word_1_12' title='bbox 138 306 282 346; x_wconf 84' lang='lat' dir='ltr'><strong>vineae</strong></span> <span class='ocrx_word' id='word_1_13' title='bbox 320 314 486 345; x_wconf 85' lang='lat' dir='ltr'><strong>nostrae</strong></span> <span class='ocrx_word' id='word_1_14' title='bbox 524 303 785 342; x_wconf 84' lang='lat' dir='ltr'><strong>florebunt.“</strong></span> <span class='ocrx_word' id='word_1_15' title='bbox 844 301 1088 342; x_wconf 72' lang='lat' dir='ltr'><strong>Secundum</strong></span> <span class='ocrx_word' id='word_1_16' title='bbox 1127 299 1324 341; x_wconf 79' lang='lat' dir='ltr'>dramatis</span> <span class='ocrx_word' id='word_1_17' title='bbox 1363 302 1477 342; x_wconf 83' lang='lat' dir='ltr'><strong>ordi-</strong></span> 
     </span>
     <span class='ocr_line' id='line_1_4' title="bbox 56 377 1478 436; baseline -0.004 -12"><span class='ocrx_word' id='word_1_18' title='bbox 56 400 154 424; x_wconf 86' lang='lat' dir='ltr'><strong>nem</strong></span> <span class='ocrx_word' id='word_1_19' title='bbox 183 393 339 423; x_wconf 80' lang='lat' dir='ltr'><strong>mutata</strong></span> <span class='ocrx_word' id='word_1_20' title='bbox 362 392 423 421; x_wconf 88' lang='lat' dir='ltr'><strong>est</strong></span> <span class='ocrx_word' id='word_1_21' title='bbox 438 395 641 436; x_wconf 76' lang='lat' dir='ltr'><strong>persona3</strong></span> <span class='ocrx_word' id='word_1_22' title='bbox 671 395 756 418; x_wconf 90' lang='lat' dir='ltr'><strong>non</strong></span> <span class='ocrx_word' id='word_1_23' title='bbox 777 378 890 418; x_wconf 83' lang='lat' dir='ltr'><strong>enim</strong></span> <span class='ocrx_word' id='word_1_24' title='bbox 920 377 1002 434; x_wconf 80' lang='lat' dir='ltr'><strong>jam</strong></span> <span class='ocrx_word' id='word_1_25' title='bbox 1027 378 1079 418; x_wconf 84' lang='lat' dir='ltr'><strong>ad</strong></span> <span class='ocrx_word' id='word_1_26' title='bbox 1100 393 1314 433; x_wconf 81' lang='lat' dir='ltr'>sponsam,</span> <span class='ocrx_word' id='word_1_27' title='bbox 1345 379 1420 419; x_wconf 87' lang='lat' dir='ltr'><strong>sed</strong></span> <span class='ocrx_word' id='word_1_28' title='bbox 1435 379 1478 434; x_wconf 87' lang='lat'><strong>²)</strong></span> 
     </span>
     <span class='ocr_line' id='line_1_5' title="bbox 54 455 1480 514; baseline -0.004 -12"><span class='ocrx_word' id='word_1_29' title='bbox 54 462 110 502; x_wconf 82' lang='lat' dir='ltr'><strong>ad</strong></span> <span class='ocrx_word' id='word_1_30' title='bbox 153 460 316 501; x_wconf 83' lang='lat' dir='ltr'><strong>sodales</strong></span> <span class='ocrx_word' id='word_1_31' title='bbox 355 457 546 514; x_wconf 81' lang='lat' dir='ltr'><strong>loquitur</strong></span> <span class='ocrx_word' id='word_1_32' title='bbox 593 472 790 511; x_wconf 88' lang='lat' dir='ltr'><strong>sponsus,</strong></span> <span class='ocrx_word' id='word_1_33' title='bbox 837 467 878 495; x_wconf 86' lang='lat' dir='ltr'><strong>et</strong></span> <span class='ocrx_word' id='word_1_34' title='bbox 916 455 1016 511; x_wconf 85' lang='lat' dir='ltr'><strong>ipsis</strong></span> <span class='ocrx_word' id='word_1_35' title='bbox 1058 455 1180 505; x_wconf 84' lang='lat' dir='ltr'><strong>dicit,</strong></span> <span class='ocrx_word' id='word_1_36' title='bbox 1225 467 1273 495; x_wconf 92' lang='lat' dir='ltr'><strong>ut</strong></span> <span class='ocrx_word' id='word_1_37' title='bbox 1313 455 1480 511; x_wconf 79' lang='lat' dir='ltr'>capiant</span> 
     </span>
     <span class='ocr_line' id='line_1_6' title="bbox 58 532 1481 593; baseline -0.004 -15"><span class='ocrx_word' id='word_1_38' title='bbox 58 538 204 593; x_wconf 69' lang='lat' dir='ltr'><strong>vulpes</strong></span> <span class='ocrx_word' id='word_1_39' title='bbox 232 536 428 592; x_wconf 84' lang='lat' dir='ltr'><strong>pusillas,</strong></span> <span class='ocrx_word' id='word_1_40' title='bbox 469 549 573 590; x_wconf 83' lang='lat' dir='ltr'><strong>quae</strong></span> <span class='ocrx_word' id='word_1_41' title='bbox 603 532 852 573; x_wconf 80' lang='lat' dir='ltr'><strong>insidiantur</strong></span> <span class='ocrx_word' id='word_1_42' title='bbox 883 532 1038 582; x_wconf 81' lang='lat' dir='ltr'><strong>vineis,</strong></span> <span class='ocrx_word' id='word_1_43' title='bbox 1068 532 1142 572; x_wconf 90' lang='lat' dir='ltr'><strong>ubi</strong></span> <span class='ocrx_word' id='word_1_44' title='bbox 1172 532 1359 588; x_wconf 88' lang='lat' dir='ltr'><strong>primum</strong></span> <span class='ocrx_word' id='word_1_45' title='bbox 1389 549 1481 586; x_wconf 83' lang='lat' dir='ltr'><strong>ger-</strong></span> 
     </span>
     <span class='ocr_line' id='line_1_7' title="bbox 56 609 1479 665; baseline -0.002 -11"><span class='ocrx_word' id='word_1_46' title='bbox 56 630 152 655; x_wconf 85' lang='lat' dir='ltr'><strong>men</strong></span> <span class='ocrx_word' id='word_1_47' title='bbox 198 611 480 660; x_wconf 80' lang='lat' dir='ltr'><strong>ostenderint,</strong></span> <span class='ocrx_word' id='word_1_48' title='bbox 531 627 608 651; x_wconf 89' lang='lat' dir='ltr'><strong>nec</strong></span> <span class='ocrx_word' id='word_1_49' title='bbox 653 610 794 650; x_wconf 87' lang='lat' dir='ltr'><strong>sinunt</strong></span> <span class='ocrx_word' id='word_1_50' title='bbox 840 626 907 650; x_wconf 78' lang='lat' dir='ltr'><strong>eas</strong></span> <span class='ocrx_word' id='word_1_51' title='bbox 952 609 1174 665; x_wconf 75' lang='lat' dir='ltr'><strong>pervenire</strong></span> <span class='ocrx_word' id='word_1_52' title='bbox 1220 611 1272 650; x_wconf 83' lang='lat' dir='ltr'><strong>ad</strong></span> <span class='ocrx_word' id='word_1_53' title='bbox 1315 610 1479 651; x_wconf 86' lang='lat' dir='ltr'><strong>florem.</strong></span> 
     </span>
     <span class='ocr_line' id='line_1_8' title="bbox 0 687 1480 745; baseline -0.002 -15"><span class='ocrx_word' id='word_1_54' title='bbox 0 734 1 739; x_wconf 18' lang='lat'>¹</span> <span class='ocrx_word' id='word_1_55' title='bbox 54 689 163 745; x_wconf 85' lang='lat' dir='ltr'>Capi</span> <span class='ocrx_word' id='word_1_56' title='bbox 193 705 291 742; x_wconf 85' lang='lat' dir='ltr'><strong>ergo</strong></span> <span class='ocrx_word' id='word_1_57' title='bbox 334 704 401 729; x_wconf 84' lang='lat' dir='ltr'><strong>eas</strong></span> <span class='ocrx_word' id='word_1_58' title='bbox 438 688 677 744; x_wconf 82' lang='lat' dir='ltr'><strong>praecepit,</strong></span> <span class='ocrx_word' id='word_1_59' title='bbox 717 687 841 727; x_wconf 84' lang='lat' dir='ltr'><strong>saluti</strong></span> <span class='ocrx_word' id='word_1_60' title='bbox 882 699 922 728; x_wconf 85' lang='lat' dir='ltr'><strong>et</strong></span> <span class='ocrx_word' id='word_1_61' title='bbox 951 687 1127 728; x_wconf 79' lang='lat' dir='ltr'>utilitati</span> <span class='ocrx_word' id='word_1_62' title='bbox 1168 687 1390 728; x_wconf 87' lang='lat' dir='ltr'><strong>consulens</strong></span> <span class='ocrx_word' id='word_1_63' title='bbox 1420 687 1480 728; x_wconf 82' lang='lat' dir='ltr'><strong>vi-</strong></span> 
     </span>
     <span class='ocr_line' id='line_1_9' title="bbox 55 763 1481 820; baseline -0.002 -13"><span class='ocrx_word' id='word_1_64' title='bbox 55 782 241 807; x_wconf 84' lang='lat' dir='ltr'><strong>nearum.</strong></span> <span class='ocrx_word' id='word_1_65' title='bbox 310 766 398 807; x_wconf 84' lang='lat' dir='ltr'><strong>Sed</strong></span> <span class='ocrx_word' id='word_1_66' title='bbox 436 766 559 814; x_wconf 84' lang='lat' dir='ltr'><strong>haec,</strong></span> <span class='ocrx_word' id='word_1_67' title='bbox 600 776 650 805; x_wconf 91' lang='lat' dir='ltr'><strong>ut</strong></span> <span class='ocrx_word' id='word_1_68' title='bbox 686 763 933 819; x_wconf 87' lang='lat' dir='ltr'><strong>coepimus,</strong></span> <span class='ocrx_word' id='word_1_69' title='bbox 971 763 1179 820; x_wconf 80' lang='lat' dir='ltr'>spirituali</span> <span class='ocrx_word' id='word_1_70' title='bbox 1217 763 1481 820; x_wconf 76' lang='lat' dir='ltr'><strong>expositione</strong></span> 
     </span>
     <span class='ocr_line' id='line_1_10' title="bbox 56 840 1481 897; baseline -0.002 -13"><span class='ocrx_word' id='word_1_71' title='bbox 56 843 319 884; x_wconf 81' lang='lat' dir='ltr'><strong>discutienda</strong></span> <span class='ocrx_word' id='word_1_72' title='bbox 349 854 456 886; x_wconf 88' lang='lat' dir='ltr'><strong>sunt.</strong></span> <span class='ocrx_word' id='word_1_73' title='bbox 514 843 571 883; x_wconf 86' lang='lat' dir='ltr'><strong>Et</strong></span> <span class='ocrx_word' id='word_1_74' title='bbox 599 853 728 897; x_wconf 86' lang='lat' dir='ltr'><strong>puto,</strong></span> <span class='ocrx_word' id='word_1_75' title='bbox 761 842 877 896; x_wconf 86' lang='lat' dir='ltr'><strong>quod</strong></span> <span class='ocrx_word' id='word_1_76' title='bbox 907 840 941 881; x_wconf 88' lang='lat' dir='ltr'><strong>si</strong></span> <span class='ocrx_word' id='word_1_77' title='bbox 973 841 1024 881; x_wconf 88' lang='lat' dir='ltr'><strong>de</strong></span> <span class='ocrx_word' id='word_1_78' title='bbox 1054 841 1192 881; x_wconf 81' lang='lat' dir='ltr'><strong>anima</strong></span> <span class='ocrx_word' id='word_1_79' title='bbox 1220 841 1344 892; x_wconf 87' lang='lat' dir='ltr'><strong>haec,</strong></span> <span class='ocrx_word' id='word_1_80' title='bbox 1375 856 1481 897; x_wconf 85' lang='lat' dir='ltr'><strong>quae</strong></span> 
     </span>
     <span class='ocr_line' id='line_1_11' title="bbox 60 917 1485 977; baseline -0.002 -16"><span class='ocrx_word' id='word_1_81' title='bbox 60 937 104 962; x_wconf 88' lang='lat' dir='ltr'><strong>se</strong></span> <span class='ocrx_word' id='word_1_82' title='bbox 135 921 264 961; x_wconf 87' lang='lat' dir='ltr'><strong>verbo</strong></span> <span class='ocrx_word' id='word_1_83' title='bbox 295 919 381 960; x_wconf 83' lang='lat' dir='ltr'><strong>Dei</strong></span> <span class='ocrx_word' id='word_1_84' title='bbox 412 918 647 977; x_wconf 81' lang='lat' dir='ltr'><strong>conjungit,</strong></span> <span class='ocrx_word' id='word_1_85' title='bbox 678 920 888 968; x_wconf 72' lang='lat' dir='ltr'><strong>advertas,</strong></span> <span class='ocrx_word' id='word_1_86' title='bbox 920 918 1068 974; x_wconf 75' lang='lat' dir='ltr'><strong>vulpes</strong></span> <span class='ocrx_word' id='word_1_87' title='bbox 1098 917 1330 959; x_wconf 87' lang='lat' dir='ltr'><strong>contrariae</strong></span> <span class='ocrx_word' id='word_1_88' title='bbox 1359 929 1485 975; x_wconf 86' lang='lat' dir='ltr'><strong>pote-</strong></span> 
     </span>
     <span class='ocr_line' id='line_1_12' title="bbox 55 995 1482 1054; baseline -0.002 -16"><span class='ocrx_word' id='word_1_89' title='bbox 55 1009 181 1039; x_wconf 81' lang='lat' dir='ltr'><strong>states</strong></span> <span class='ocrx_word' id='word_1_90' title='bbox 212 1009 253 1038; x_wconf 88' lang='lat' dir='ltr'><strong>et</strong></span> <span class='ocrx_word' id='word_1_91' title='bbox 283 997 494 1054; x_wconf 75' lang='lat' dir='ltr'><strong>nequitiae</strong></span> <span class='ocrx_word' id='word_1_92' title='bbox 529 999 783 1038; x_wconf 87' lang='lat' dir='ltr'><strong>daemonum</strong></span> <span class='ocrx_word' id='word_1_93' title='bbox 814 996 995 1048; x_wconf 83' lang='lat' dir='ltr'><strong>intelligi</strong></span> <span class='ocrx_word' id='word_1_94' title='bbox 1026 997 1230 1045; x_wconf 79' lang='lat' dir='ltr'><strong>debeant,</strong></span> <span class='ocrx_word' id='word_1_95' title='bbox 1259 1011 1338 1051; x_wconf 90' lang='lat' dir='ltr'><strong>per</strong></span> <span class='ocrx_word' id='word_1_96' title='bbox 1370 995 1482 1048; x_wconf 86' lang='lat' dir='ltr'><strong>cogi-</strong></span> 
     </span>
     <span class='ocr_line' id='line_1_13' title="bbox 58 1072 1483 1130; baseline -0.001 -16"><span class='ocrx_word' id='word_1_97' title='bbox 58 1074 236 1114; x_wconf 81' lang='lat' dir='ltr'><strong>tationes</strong></span> <span class='ocrx_word' id='word_1_98' title='bbox 265 1090 413 1129; x_wconf 82' lang='lat' dir='ltr'><strong>pravas</strong></span> <span class='ocrx_word' id='word_1_99' title='bbox 456 1086 497 1115; x_wconf 90' lang='lat' dir='ltr'><strong>et</strong></span> <span class='ocrx_word' id='word_1_100' title='bbox 538 1074 857 1127; x_wconf 79' lang='lat' dir='ltr'><strong>intelligentiam</strong></span> <span class='ocrx_word' id='word_1_101' title='bbox 889 1091 1129 1130; x_wconf 71' lang='lat' dir='ltr'><strong>perversam</strong></span> <span class='ocrx_word' id='word_1_102' title='bbox 1161 1072 1483 1114; x_wconf 81' lang='lat' dir='ltr'><strong>exterminantes</strong></span> 
     </span>
     <span class='ocr_line' id='line_1_14' title="bbox 60 1150 1484 1206; baseline 0 -15"><span class='ocrx_word' id='word_1_103' title='bbox 60 1150 104 1191; x_wconf 86' lang='lat' dir='ltr'><strong>in</strong></span> <span class='ocrx_word' id='word_1_104' title='bbox 141 1150 275 1192; x_wconf 83' lang='lat' dir='ltr'><strong>anima</strong></span> <span class='ocrx_word' id='word_1_105' title='bbox 318 1151 522 1193; x_wconf 86' lang='lat' dir='ltr'><strong>virtutum</strong></span> <span class='ocrx_word' id='word_1_106' title='bbox 559 1152 732 1202; x_wconf 88' lang='lat' dir='ltr'><strong>florem,</strong></span> <span class='ocrx_word' id='word_1_107' title='bbox 773 1163 816 1192; x_wconf 85' lang='lat' dir='ltr'><strong>et</strong></span> <span class='ocrx_word' id='word_1_108' title='bbox 853 1152 1039 1192; x_wconf 83' lang='lat' dir='ltr'><strong>fructum</strong></span> <span class='ocrx_word' id='word_1_109' title='bbox 1077 1150 1179 1191; x_wconf 86' lang='lat' dir='ltr'><strong>fidei</strong></span> <span class='ocrx_word' id='word_1_110' title='bbox 1215 1150 1484 1206; x_wconf 71' lang='lat' dir='ltr'><strong>perimentes,</strong></span> 
     </span>
     <span class='ocr_line' id='line_1_15' title="bbox 59 1227 1485 1284; baseline -0.001 -16"><span class='ocrx_word' id='word_1_111' title='bbox 59 1227 253 1269; x_wconf 83' lang='lat' dir='ltr'><strong>Provisio</strong></span> <span class='ocrx_word' id='word_1_112' title='bbox 306 1228 433 1282; x_wconf 85' lang='lat' dir='ltr'><strong>igitur</strong></span> <span class='ocrx_word' id='word_1_113' title='bbox 479 1229 596 1270; x_wconf 71' lang='lat' dir='ltr'><strong>verbi</strong></span> <span class='ocrx_word' id='word_1_114' title='bbox 633 1229 739 1279; x_wconf 83' lang='lat' dir='ltr'><strong>Dei,</strong></span> <span class='ocrx_word' id='word_1_115' title='bbox 791 1229 861 1284; x_wconf 80' lang='lat' dir='ltr'><strong>qui</strong></span> <span class='ocrx_word' id='word_1_116' title='bbox 908 1241 969 1269; x_wconf 86' lang='lat' dir='ltr'><strong>est</strong></span> <span class='ocrx_word' id='word_1_117' title='bbox 1005 1228 1219 1269; x_wconf 79' lang='lat' dir='ltr'><strong>Dominus</strong></span> <span class='ocrx_word' id='word_1_118' title='bbox 1266 1227 1485 1277; x_wconf 73' lang='lat' dir='ltr'><strong>virtutum,</strong></span> 
     </span>
     <span class='ocr_line' id='line_1_16' title="bbox 59 1305 1486 1363; baseline -0.001 -18"><span class='ocrx_word' id='word_1_119' title='bbox 59 1306 229 1346; x_wconf 86' lang='lat' dir='ltr'><strong>mandat</strong></span> <span class='ocrx_word' id='word_1_120' title='bbox 257 1306 412 1358; x_wconf 87' lang='lat' dir='ltr'><strong>angelis</strong></span> <span class='ocrx_word' id='word_1_121' title='bbox 442 1306 539 1357; x_wconf 86' lang='lat' dir='ltr'><strong>suis,</strong></span> <span class='ocrx_word' id='word_1_122' title='bbox 570 1306 642 1363; x_wconf 87' lang='lat' dir='ltr'><strong>qui</strong></span> <span class='ocrx_word' id='word_1_123' title='bbox 671 1307 725 1347; x_wconf 83' lang='lat' dir='ltr'><strong>ad</strong></span> <span class='ocrx_word' id='word_1_124' title='bbox 755 1306 1035 1347; x_wconf 87' lang='lat' dir='ltr'><strong>ministerium</strong></span> <span class='ocrx_word' id='word_1_125' title='bbox 1053 1305 1168 1346; x_wconf 88' lang='lat' dir='ltr'><strong>missi</strong></span> <span class='ocrx_word' id='word_1_126' title='bbox 1189 1316 1285 1346; x_wconf 91' lang='lat' dir='ltr'><strong>sunt</strong></span> <span class='ocrx_word' id='word_1_127' title='bbox 1304 1316 1486 1361; x_wconf 86' lang='lat' dir='ltr'><strong>propter</strong></span> 
     </span>
     <span class='ocr_line' id='line_1_17' title="bbox 59 1381 1482 1443; baseline -0.001 -21"><span class='ocrx_word' id='word_1_128' title='bbox 59 1398 163 1433; x_wconf 87' lang='lat' dir='ltr'><strong>eos,</strong></span> <span class='ocrx_word' id='word_1_129' title='bbox 195 1383 266 1439; x_wconf 88' lang='lat' dir='ltr'><strong>qui</strong></span> <span class='ocrx_word' id='word_1_130' title='bbox 295 1383 598 1443; x_wconf 66' lang='lat' dir='ltr'><strong>haereditatem</strong></span> <span class='ocrx_word' id='word_1_131' title='bbox 630 1384 801 1439; x_wconf 84' lang='lat' dir='ltr'><strong>capiunt</strong></span> <span class='ocrx_word' id='word_1_132' title='bbox 830 1382 995 1432; x_wconf 81' lang='lat' dir='ltr'><strong>salutis,</strong></span> <span class='ocrx_word' id='word_1_133' title='bbox 1033 1393 1081 1422; x_wconf 94' lang='lat' dir='ltr'><strong>ut</strong></span> <span class='ocrx_word' id='word_1_134' title='bbox 1113 1381 1279 1437; x_wconf 80' lang='lat' dir='ltr'><strong>capiant</strong></span> <span class='ocrx_word' id='word_1_135' title='bbox 1308 1398 1356 1421; x_wconf 86' lang='lat' dir='ltr'><strong>ex</strong></span> <span class='ocrx_word' id='word_1_136' title='bbox 1384 1397 1482 1422; x_wconf 88' lang='lat' dir='ltr'><strong>una·</strong></span> 
     </span>
    </p>
   </div>
   <div class='ocr_carea' id='block_1_3' title="bbox 57 1458 1486 1517">
    <p class='ocr_par' dir='ltr' id='par_1_3' title="bbox 57 1458 1486 1517">
     <span class='ocr_line' id='line_1_18' title="bbox 57 1458 1486 1517; baseline -0.001 -17"><span class='ocrx_word' id='word_1_137' title='bbox 57 1476 227 1516; x_wconf 77' lang='lat' dir='ltr'><strong>quaque</strong></span> <span class='ocrx_word' id='word_1_138' title='bbox 263 1460 402 1501; x_wconf 81' lang='lat' dir='ltr'><strong>anima</strong></span> <span class='ocrx_word' id='word_1_139' title='bbox 440 1460 683 1517; x_wconf 82' lang='lat' dir='ltr'><strong>hujusmodi</strong></span> <span class='ocrx_word' id='word_1_140' title='bbox 723 1459 998 1512; x_wconf 84' lang='lat' dir='ltr'><strong>cogitationes</strong></span> <span class='ocrx_word' id='word_1_141' title='bbox 1035 1475 1059 1500; x_wconf 82' lang='lat' dir='ltr'><strong>a</strong></span> <span class='ocrx_word' id='word_1_142' title='bbox 1100 1458 1378 1499; x_wconf 83' lang='lat' dir='ltr'><strong>daemonibus</strong></span> <span class='ocrx_word' id='word_1_143' title='bbox 1407 1458 1486 1498; x_wconf 88' lang='lat' dir='ltr'><strong>im-</strong></span> 
     </span>
    </p>
   </div>
   <div class='ocr_carea' id='block_1_4' title="bbox 193 1579 391 1582">
    <p class='ocr_par' dir='ltr' id='par_1_4' title="bbox 193 1579 391 1582">
     <span class='ocr_line' id='line_1_19' title="bbox 193 1579 391 1582; baseline 0 0"><span class='ocrx_word' id='word_1_144' title='bbox 193 1579 391 1582; x_wconf 95' lang='lat' dir='ltr'><strong> </strong></span> 
     </span>
    </p>
   </div>
   <div class='ocr_carea' id='block_1_5' title="bbox 0 1646 1497 2960">
    <p class='ocr_par' dir='ltr' id='par_1_5' title="bbox 0 1646 1497 2960">
     <span class='ocr_line' id='line_1_20' title="bbox 182 1646 732 1698; baseline 0 -10"><span class='ocrx_word' id='word_1_145' title='bbox 182 1649 222 1698; x_wconf 93' lang='lat'><strong>¹)</strong></span> <span class='ocrx_word' id='word_1_146' title='bbox 256 1647 342 1689; x_wconf 85' lang='lat' dir='ltr'><strong>Cfr.</strong></span> <span class='ocrx_word' id='word_1_147' title='bbox 375 1646 536 1688; x_wconf 80' lang='lat' dir='ltr'><strong>Cantic.</strong></span> <span class='ocrx_word' id='word_1_148' title='bbox 568 1648 633 1697; x_wconf 88' lang='lat' dir='ltr'><strong>II,</strong></span> <span class='ocrx_word' id='word_1_149' title='bbox 669 1648 732 1690; x_wconf 89' lang='grc'><strong>15.</strong></span> 
     </span>
     <span class='ocr_line' id='line_1_21' title="bbox 179 1714 1489 1773; baseline 0.001 -15"><span class='ocrx_word' id='word_1_150' title='bbox 179 1719 222 1769; x_wconf 82' lang='lat'><strong>²)</strong></span> <span class='ocrx_word' id='word_1_151' title='bbox 254 1716 493 1772; x_wconf 82' lang='lat' dir='ltr'><strong>Procopius</strong></span> <span class='ocrx_word' id='word_1_152' title='bbox 521 1733 570 1757; x_wconf 88' lang='lat' dir='ltr'><strong>ex</strong></span> <span class='ocrx_word' id='word_1_153' title='bbox 587 1717 792 1770; x_wconf 86' lang='lat' dir='ltr'><strong>Origene:</strong></span> <span class='ocrx_word' id='word_1_154' title='bbox 830 1719 982 1760; x_wconf 83' lang='grc' dir='ltr'><em>Ταῦτα</em></span> <span class='ocrx_word' id='word_1_155' title='bbox 1014 1721 1105 1766; x_wconf 75' lang='grc' dir='ltr'><em>τοῖς</em></span> <span class='ocrx_word' id='word_1_156' title='bbox 1135 1719 1286 1773; x_wconf 66' lang='grc' dir='ltr'><em>φίλοις</em></span> <span class='ocrx_word' id='word_1_157' title='bbox 1316 1714 1339 1759; x_wconf 83' lang='grc' dir='ltr'>ὁ</span> <span class='ocrx_word' id='word_1_158' title='bbox 1368 1731 1489 1773; x_wconf 79' lang='grc' dir='ltr'><em>νυμ-</em></span> 
     </span>
     <span class='ocr_line' id='line_1_22' title="bbox 59 1782 1488 1846; baseline -0.001 -17"><span class='ocrx_word' id='word_1_159' title='bbox 59 1791 169 1846; x_wconf 72' lang='grc' dir='ltr'><em>φίος</em></span> <span class='ocrx_word' id='word_1_160' title='bbox 198 1782 295 1842; x_wconf 73' lang='grc' dir='ltr'><em>ἤτοι</em></span> <span class='ocrx_word' id='word_1_161' title='bbox 326 1786 550 1844; x_wconf 74' lang='grc' dir='ltr'><em>ἀγγέλοις,</em></span> <span class='ocrx_word' id='word_1_162' title='bbox 586 1783 612 1841; x_wconf 83' lang='grc' dir='ltr'><em>ἢ</em></span> <span class='ocrx_word' id='word_1_163' title='bbox 636 1785 861 1845; x_wconf 74' lang='grc' dir='ltr'><strong>ἀνδράσιν</strong></span> <span class='ocrx_word' id='word_1_164' title='bbox 890 1784 1056 1844; x_wconf 76' lang='grc' dir='ltr'><em>οἱγίοις,</em></span> <span class='ocrx_word' id='word_1_165' title='bbox 1092 1784 1191 1829; x_wconf 83' lang='grc' dir='ltr'>ὅσοι</span> <span class='ocrx_word' id='word_1_166' title='bbox 1222 1788 1298 1841; x_wconf 86' lang='grc' dir='ltr'><strong>τῆς</strong></span> <span class='ocrx_word' id='word_1_167' title='bbox 1327 1786 1488 1841; x_wconf 87' lang='grc' dir='ltr'><em>ἐκκλη-</em></span> 
     </span>
     <span class='ocr_line' id='line_1_23' title="bbox 0 1851 1490 1916; baseline -0.001 -15"><span class='ocrx_word' id='word_1_168' title='bbox 0 1851 1 1867; x_wconf 57' lang='lat'><em>³</em></span> <span class='ocrx_word' id='word_1_169' title='bbox 65 1862 165 1906; x_wconf 86' lang='grc' dir='ltr'><em>σίας</em></span> <span class='ocrx_word' id='word_1_170' title='bbox 208 1855 497 1902; x_wconf 73' lang='grc' dir='ltr'><em>διδάσκαλοι.</em></span> <span class='ocrx_word' id='word_1_171' title='bbox 556 1854 698 1915; x_wconf 68' lang='grc' dir='ltr'><em>’Υπὲρ</em></span> <span class='ocrx_word' id='word_1_172' title='bbox 740 1862 962 1916; x_wconf 73' lang='grc' dir='ltr'><em>σωτηρίας</em></span> <span class='ocrx_word' id='word_1_173' title='bbox 1002 1858 1051 1901; x_wconf 78' lang='grc' dir='ltr'><strong>δὲ</strong></span> <span class='ocrx_word' id='word_1_174' title='bbox 1083 1860 1172 1902; x_wconf 83' lang='grc' dir='ltr'><strong>τῶν</strong></span> <span class='ocrx_word' id='word_1_175' title='bbox 1200 1853 1490 1915; x_wconf 75' lang='grc' dir='ltr'><em>ἀμπελώνων</em></span> 
     </span>
     <span class='ocr_line' id='line_1_24' title="bbox 63 1925 1491 1987; baseline -0.001 -15"><span class='ocrx_word' id='word_1_176' title='bbox 63 1928 91 1985; x_wconf 79' lang='grc' dir='ltr'>ἡ</span> <span class='ocrx_word' id='word_1_177' title='bbox 140 1925 403 1987; x_wconf 86' lang='grc' dir='ltr'><em>προτροπὴ,</em></span> <span class='ocrx_word' id='word_1_178' title='bbox 448 1930 526 1971; x_wconf 77' lang='grc' dir='ltr'><em>ἵνα</em></span> <span class='ocrx_word' id='word_1_179' title='bbox 572 1930 664 1971; x_wconf 82' lang='grc' dir='ltr'><strong>τῶν</strong></span> <span class='ocrx_word' id='word_1_180' title='bbox 710 1926 993 1985; x_wconf 84' lang='grc' dir='ltr'><em>πανούργων</em></span> <span class='ocrx_word' id='word_1_181' title='bbox 1039 1929 1491 1984; x_wconf 78' lang='grc' dir='ltr'><em>συλλαμβανομένων</em></span> 
     </span>
     <span class='ocr_line' id='line_1_25' title="bbox 62 1996 1492 2056; baseline -0.001 -13"><span class='ocrx_word' id='word_1_182' title='bbox 62 1996 334 2055; x_wconf 79' lang='grc' dir='ltr'><em>δυνάμεων,</em></span> <span class='ocrx_word' id='word_1_183' title='bbox 377 1999 424 2041; x_wconf 84' lang='grc' dir='ltr'><strong>αἳ</strong></span> <span class='ocrx_word' id='word_1_184' title='bbox 462 1998 787 2055; x_wconf 79' lang='grc' dir='ltr'><em>διαφθείρουσι</em></span> <span class='ocrx_word' id='word_1_185' title='bbox 825 1997 908 2054; x_wconf 90' lang='grc' dir='ltr'><strong>τὴν</strong></span> <span class='ocrx_word' id='word_1_186' title='bbox 950 1997 1097 2056; x_wconf 77' lang='grc' dir='ltr'><em>ἀρχὴν</em></span> <span class='ocrx_word' id='word_1_187' title='bbox 1135 2001 1214 2052; x_wconf 86' lang='grc' dir='ltr'><strong>τῆς</strong></span> <span class='ocrx_word' id='word_1_188' title='bbox 1256 1996 1492 2055; x_wconf 80' lang='grc' dir='ltr'><em>ἐκφύσεως</em></span> 
     </span>
     <span class='ocr_line' id='line_1_26' title="bbox 12 2064 1490 2128; baseline 0 -16"><span class='ocrx_word' id='word_1_189' title='bbox 12 2097 15 2100; x_wconf 88' lang='lat'><em>-</em></span> <span class='ocrx_word' id='word_1_190' title='bbox 65 2072 144 2112; x_wconf 79' lang='grc' dir='ltr'><strong>τοῦ</strong></span> <span class='ocrx_word' id='word_1_191' title='bbox 175 2072 383 2128; x_wconf 80' lang='grc' dir='ltr'><em>καρποῦ,</em></span> <span class='ocrx_word' id='word_1_192' title='bbox 415 2069 679 2123; x_wconf 74' lang='grc' dir='ltr'><em>δυνηθῶσιν</em></span> <span class='ocrx_word' id='word_1_193' title='bbox 709 2072 757 2112; x_wconf 81' lang='grc' dir='ltr'><strong>αἴ</strong></span> <span class='ocrx_word' id='word_1_194' title='bbox 786 2064 989 2125; x_wconf 69' lang='grc' dir='ltr'><em>ἄμπελοι</em></span> <span class='ocrx_word' id='word_1_195' title='bbox 1020 2066 1257 2125; x_wconf 79' lang='grc' dir='ltr'><em>προκόψαι</em></span> <span class='ocrx_word' id='word_1_196' title='bbox 1287 2067 1379 2112; x_wconf 80' lang='grc' dir='ltr'><em>ἀπὸ</em></span> <span class='ocrx_word' id='word_1_197' title='bbox 1410 2073 1490 2112; x_wconf 87' lang='grc' dir='ltr'><strong>τοῦ</strong></span> 
     </span>
     <span class='ocr_line' id='line_1_27' title="bbox 67 2136 1492 2197; baseline 0 -16"><span class='ocrx_word' id='word_1_198' title='bbox 67 2143 297 2195; x_wconf 84' lang='grc' dir='ltr'><em>κυπρίζειν</em></span> <span class='ocrx_word' id='word_1_199' title='bbox 334 2142 470 2197; x_wconf 86' lang='grc' dir='ltr'><em>μέχρι</em></span> <span class='ocrx_word' id='word_1_200' title='bbox 505 2142 582 2194; x_wconf 80' lang='grc' dir='ltr'><strong>τῆς</strong></span> <span class='ocrx_word' id='word_1_201' title='bbox 611 2141 690 2183; x_wconf 86' lang='grc' dir='ltr'><strong>τοῦ</strong></span> <span class='ocrx_word' id='word_1_202' title='bbox 731 2142 909 2196; x_wconf 84' lang='grc' dir='ltr'><em>καρποῦ</em></span> <span class='ocrx_word' id='word_1_203' title='bbox 951 2137 1238 2194; x_wconf 74' lang='grc' dir='ltr'><em>τελειώσεως,</em></span> <span class='ocrx_word' id='word_1_204' title='bbox 1281 2136 1371 2182; x_wconf 83' lang='grc' dir='ltr'><em>ὑπὸ</em></span> <span class='ocrx_word' id='word_1_205' title='bbox 1411 2140 1492 2181; x_wconf 92' lang='grc' dir='ltr'><strong>τοῦ</strong></span> 
     </span>
     <span class='ocr_line' id='line_1_28' title="bbox 67 2206 1493 2268; baseline 0 -17"><span class='ocrx_word' id='word_1_206' title='bbox 67 2211 179 2252; x_wconf 71' lang='grc' dir='ltr'><em>θεοῦ</em></span> <span class='ocrx_word' id='word_1_207' title='bbox 217 2208 590 2268; x_wconf 80' lang='grc' dir='ltr'><em>γεωργούμεναι·</em></span> <span class='ocrx_word' id='word_1_208' title='bbox 632 2208 709 2254; x_wconf 72' lang='grc' dir='ltr'><em>διὰ</em></span> <span class='ocrx_word' id='word_1_209' title='bbox 748 2211 800 2254; x_wconf 82' lang='grc' dir='ltr'><strong>δὲ</strong></span> <span class='ocrx_word' id='word_1_210' title='bbox 831 2208 879 2253; x_wconf 88' lang='grc' dir='ltr'><em>τὸ</em></span> <span class='ocrx_word' id='word_1_211' title='bbox 919 2208 1212 2259; x_wconf 78' lang='grc' dir='ltr'><em>αὐτεξούσιον</em></span> <span class='ocrx_word' id='word_1_212' title='bbox 1240 2206 1493 2268; x_wconf 79' lang='grc' dir='ltr'><em>δυνάμεναι</em></span> 
     </span>
     <span class='ocr_line' id='line_1_29' title="bbox 69 2275 1493 2340; baseline 0.002 -20"><span class='ocrx_word' id='word_1_213' title='bbox 69 2277 251 2335; x_wconf 86' lang='grc' dir='ltr'><em>ἐνέγκαι</em></span> <span class='ocrx_word' id='word_1_214' title='bbox 279 2277 456 2340; x_wconf 87' lang='grc' dir='ltr'><em>καρπόν</em></span> <span class='ocrx_word' id='word_1_215' title='bbox 486 2297 530 2325; x_wconf 90' lang='grc' dir='ltr'><strong>τε</strong></span> <span class='ocrx_word' id='word_1_216' title='bbox 555 2282 631 2324; x_wconf 91' lang='grc' dir='ltr'><strong>καὶ</strong></span> <span class='ocrx_word' id='word_1_217' title='bbox 653 2278 736 2337; x_wconf 85' lang='grc' dir='ltr'><em>μή.</em></span> <span class='ocrx_word' id='word_1_218' title='bbox 759 2278 825 2322; x_wconf 66' lang='lat' dir='ltr'><strong>”H</strong></span> <span class='ocrx_word' id='word_1_219' title='bbox 843 2277 964 2336; x_wconf 70' lang='grc' dir='ltr'><em>τάχα</em></span> <span class='ocrx_word' id='word_1_220' title='bbox 991 2282 1067 2323; x_wconf 86' lang='grc' dir='ltr'><strong>καὶ</strong></span> <span class='ocrx_word' id='word_1_221' title='bbox 1097 2275 1338 2336; x_wconf 69' lang='grc' dir='ltr'><em>ἅνθρωποι</em></span> <span class='ocrx_word' id='word_1_222' title='bbox 1370 2278 1493 2323; x_wconf 82' lang='grc' dir='ltr'><em>ἀλώ-</em></span> 
     </span>
     <span class='ocr_line' id='line_1_30' title="bbox 68 2347 1497 2410; baseline 0.001 -20"><span class='ocrx_word' id='word_1_223' title='bbox 68 2349 201 2396; x_wconf 88' lang='grc' dir='ltr'><em>-πεκές</em></span> <span class='ocrx_word' id='word_1_224' title='bbox 229 2364 357 2404; x_wconf 88' lang='grc' dir='ltr'><em>τινες,</em></span> <span class='ocrx_word' id='word_1_225' title='bbox 390 2349 444 2393; x_wconf 73' lang='grc' dir='ltr'><em>δι’</em></span> <span class='ocrx_word' id='word_1_226' title='bbox 464 2348 729 2410; x_wconf 78' lang='grc' dir='ltr'><em>ἑτεροδόξου</em></span> <span class='ocrx_word' id='word_1_227' title='bbox 760 2347 1028 2409; x_wconf 74' lang='grc' dir='ltr'><em>δριμύτητος</em></span> <span class='ocrx_word' id='word_1_228' title='bbox 1057 2351 1376 2407; x_wconf 70' lang='grc' dir='ltr'><em>ἐμποδίζοντες</em></span> <span class='ocrx_word' id='word_1_229' title='bbox 1403 2355 1497 2400; x_wconf 87' lang='grc' dir='ltr'><em>τοῖς</em></span> 
     </span>
     <span class='ocr_line' id='line_1_31' title="bbox 69 2415 1493 2479; baseline 0.004 -20"><span class='ocrx_word' id='word_1_230' title='bbox 69 2415 343 2475; x_wconf 79' lang='grc' dir='ltr'><em>ἀρξαμένοις</em></span> <span class='ocrx_word' id='word_1_231' title='bbox 371 2422 543 2478; x_wconf 85' lang='grc' dir='ltr'><em>τρέχειν</em></span> <span class='ocrx_word' id='word_1_232' title='bbox 573 2424 740 2470; x_wconf 83' lang='grc' dir='ltr'><em>καλῶς·</em></span> <span class='ocrx_word' id='word_1_233' title='bbox 792 2417 871 2471; x_wconf 74' lang='grc' dir='ltr'><strong>οὓς</strong></span> <span class='ocrx_word' id='word_1_234' title='bbox 900 2422 964 2465; x_wconf 77' lang='grc' dir='ltr'><strong>ἔτι</strong></span> <span class='ocrx_word' id='word_1_235' title='bbox 992 2419 1185 2479; x_wconf 72' lang='grc' dir='ltr'><em>μικροὺς</em></span> <span class='ocrx_word' id='word_1_236' title='bbox 1215 2416 1350 2470; x_wconf 76' lang='grc' dir='ltr'><em>ὄντας</em></span> <span class='ocrx_word' id='word_1_237' title='bbox 1379 2420 1493 2477; x_wconf 89' lang='grc' dir='ltr'><em>βού-</em></span> 
     </span>
     <span class='ocr_line' id='line_1_32' title="bbox 9 2488 1495 2549; baseline 0.004 -19"><span class='ocrx_word' id='word_1_238' title='bbox 9 2509 13 2539; x_wconf 70' lang='lat'>1</span> <span class='ocrx_word' id='word_1_239' title='bbox 72 2491 195 2532; x_wconf 81' lang='grc' dir='ltr'><em>λεται</em></span> <span class='ocrx_word' id='word_1_240' title='bbox 237 2491 578 2546; x_wconf 74' lang='grc' dir='ltr'><em>συλληφθῆναι,</em></span> <span class='ocrx_word' id='word_1_241' title='bbox 626 2495 739 2549; x_wconf 88' lang='grc' dir='ltr'><em>πρὶν</em></span> <span class='ocrx_word' id='word_1_242' title='bbox 777 2493 854 2536; x_wconf 85' lang='grc' dir='ltr'><em>ἐπὶ</em></span> <span class='ocrx_word' id='word_1_243' title='bbox 893 2495 1036 2535; x_wconf 83' lang='grc' dir='ltr'><em>πλέον</em></span> <span class='ocrx_word' id='word_1_244' title='bbox 1073 2491 1280 2547; x_wconf 79' lang='grc' dir='ltr'><em>ἀσεβείας</em></span> <span class='ocrx_word' id='word_1_245' title='bbox 1317 2488 1495 2549; x_wconf 89' lang='grc' dir='ltr'><em>προκό-</em></span> 
     </span>
     <span class='ocr_line' id='line_1_33' title="bbox 73 2557 1497 2619; baseline 0.004 -20"><span class='ocrx_word' id='word_1_246' title='bbox 73 2571 234 2600; x_wconf 90' lang='grc' dir='ltr'><em>πτωσι.</em></span> <span class='ocrx_word' id='word_1_247' title='bbox 304 2561 469 2614; x_wconf 81' lang='grc' dir='ltr'><em>Μέγας</em></span> <span class='ocrx_word' id='word_1_248' title='bbox 507 2557 599 2618; x_wconf 69' lang='grc' dir='ltr'><em>γὰρ</em></span> <span class='ocrx_word' id='word_1_249' title='bbox 641 2559 825 2617; x_wconf 83' lang='grc' dir='ltr'><em>ἀλώπηξ</em></span> <span class='ocrx_word' id='word_1_250' title='bbox 861 2559 1131 2619; x_wconf 86' lang='grc' dir='ltr'><em>γενόμενος,</em></span> <span class='ocrx_word' id='word_1_251' title='bbox 1182 2562 1370 2610; x_wconf 79' lang='grc' dir='ltr'><em>ἐκείνοις</em></span> <span class='ocrx_word' id='word_1_252' title='bbox 1409 2562 1497 2617; x_wconf 83' lang='grc' dir='ltr'><strong>μὲν</strong></span> 
     </span>
     <span class='ocr_line' id='line_1_34' title="bbox 75 2625 1493 2691; baseline 0.003 -21"><span class='ocrx_word' id='word_1_253' title='bbox 75 2625 322 2677; x_wconf 78' lang='grc' dir='ltr'><em>ἀνάλωτος·</em></span> <span class='ocrx_word' id='word_1_254' title='bbox 350 2626 440 2673; x_wconf 82' lang='grc' dir='ltr'><em>ὑπὸ</em></span> <span class='ocrx_word' id='word_1_255' title='bbox 461 2627 608 2686; x_wconf 88' lang='grc' dir='ltr'><em>μόνου</em></span> <span class='ocrx_word' id='word_1_256' title='bbox 634 2631 686 2675; x_wconf 80' lang='grc' dir='ltr'><strong>δὲ</strong></span> <span class='ocrx_word' id='word_1_257' title='bbox 709 2635 789 2676; x_wconf 93' lang='grc' dir='ltr'><strong>τοῦ</strong></span> <span class='ocrx_word' id='word_1_258' title='bbox 816 2636 1023 2691; x_wconf 78' lang='grc' dir='ltr'><em>νυμφίου</em></span> <span class='ocrx_word' id='word_1_259' title='bbox 1048 2628 1302 2690; x_wconf 74' lang='grc' dir='ltr'><em>θηρεύεται.</em></span> <span class='ocrx_word' id='word_1_260' title='bbox 1331 2629 1493 2687; x_wconf 79' lang='grc' dir='ltr'><em>Ἀρχό-</em></span> 
     </span>
     <span class='ocr_line' id='line_1_35' title="bbox 74 2696 1495 2761; baseline 0.003 -18"><span class='ocrx_word' id='word_1_261' title='bbox 74 2714 207 2754; x_wconf 85' lang='grc' dir='ltr'><em>μενοι</em></span> <span class='ocrx_word' id='word_1_262' title='bbox 245 2696 337 2755; x_wconf 76' lang='grc' dir='ltr'><em>γάρ</em></span> <span class='ocrx_word' id='word_1_263' title='bbox 368 2699 571 2756; x_wconf 82' lang='grc' dir='ltr'><em>ἐνεργεῖν</em></span> <span class='ocrx_word' id='word_1_264' title='bbox 610 2699 663 2744; x_wconf 77' lang='grc' dir='ltr'><em>τὰ</em></span> <span class='ocrx_word' id='word_1_265' title='bbox 698 2707 910 2761; x_wconf 81' lang='grc' dir='ltr'><em>χείρονα,</em></span> <span class='ocrx_word' id='word_1_266' title='bbox 951 2706 1029 2746; x_wconf 85' lang='grc' dir='ltr'><strong>καὶ</strong></span> <span class='ocrx_word' id='word_1_267' title='bbox 1066 2707 1159 2752; x_wconf 85' lang='grc' dir='ltr'><em>τοῖς</em></span> <span class='ocrx_word' id='word_1_268' title='bbox 1196 2705 1348 2760; x_wconf 84' lang='grc' dir='ltr'><em>φίλοις</em></span> <span class='ocrx_word' id='word_1_269' title='bbox 1378 2700 1495 2747; x_wconf 82' lang='grc' dir='ltr'><em>ἀνά-</em></span> 
     </span>
     <span class='ocr_line' id='line_1_36' title="bbox 76 2765 1496 2831; baseline 0.004 -21"><span class='ocrx_word' id='word_1_270' title='bbox 76 2770 219 2813; x_wconf 85' lang='grc' dir='ltr'><em>λωτοι.</em></span> <span class='ocrx_word' id='word_1_271' title='bbox 257 2772 399 2827; x_wconf 87' lang='grc' dir='ltr'><em>Λέγει</em></span> <span class='ocrx_word' id='word_1_272' title='bbox 418 2769 457 2813; x_wconf 81' lang='grc' dir='ltr'><strong>δ’</strong></span> <span class='ocrx_word' id='word_1_273' title='bbox 480 2765 540 2813; x_wconf 74' lang='grc' dir='ltr'><em>ἂν</em></span> <span class='ocrx_word' id='word_1_274' title='bbox 568 2773 646 2813; x_wconf 84' lang='grc' dir='ltr'><strong>καὶ</strong></span> <span class='ocrx_word' id='word_1_275' title='bbox 664 2770 854 2831; x_wconf 81' lang='grc' dir='ltr'><em>μικροὺς</em></span> <span class='ocrx_word' id='word_1_276' title='bbox 880 2772 1172 2830; x_wconf 65' lang='grc' dir='ltr'><em>ἀμπελῶνας·</em></span> <span class='ocrx_word' id='word_1_277' title='bbox 1203 2771 1257 2816; x_wconf 87' lang='grc' dir='ltr'><em>οὐ</em></span> <span class='ocrx_word' id='word_1_278' title='bbox 1276 2771 1496 2819; x_wconf 75' lang='grc' dir='ltr'><em>δύνανται</em></span> 
     </span>
     <span class='ocr_line' id='line_1_37' title="bbox 76 2835 1189 2899; baseline 0.003 -18"><span class='ocrx_word' id='word_1_279' title='bbox 76 2835 167 2894; x_wconf 76' lang='grc' dir='ltr'><em>γὰρ</em></span> <span class='ocrx_word' id='word_1_280' title='bbox 197 2838 310 2884; x_wconf 77' lang='grc' dir='ltr'><em>κατὰ</em></span> <span class='ocrx_word' id='word_1_281' title='bbox 340 2842 430 2884; x_wconf 83' lang='grc' dir='ltr'><strong>τῶν</strong></span> <span class='ocrx_word' id='word_1_282' title='bbox 458 2837 677 2899; x_wconf 79' lang='grc' dir='ltr'><em>μεγάλων</em></span> <span class='ocrx_word' id='word_1_283' title='bbox 707 2839 949 2893; x_wconf 78' lang='grc' dir='ltr'><em>ἀλώπεκες.</em></span> <span class='ocrx_word' id='word_1_284' title='bbox 1008 2844 1189 2885; x_wconf 82' lang='lat' dir='ltr'><strong>Ruaeus.</strong></span> 
     </span>
     <span class='ocr_line' id='line_1_38' title="bbox 1120 2918 1193 2960; baseline 0 -16"><span class='ocrx_word' id='word_1_285' title='bbox 1120 2918 1148 2960; x_wconf 73' lang='lat'>5</span> <span class='ocrx_word' id='word_1_286' title='bbox 1173 2920 1193 2944; x_wconf 55' lang='lat' dir='ltr'><em>z</em></span> 
     </span>
    </p>
   </div>
  </div>
 </body>
</html>
