1734 3112
245 88 301 132 SO
545 87 765 127 Omcmus
797 98 842 126 IN
877 86 1057 128 CANTm.
1093 88 1393 128 CANTmoRUM

249 218 329 259 que
362 201 499 243 reddit
529 203 794 257 adspectum:
840 200 894 240 ita
937 201 1035 255 ρι’)
1078 200 1276 240 ecclesiae
1318 199 1443 240 facies
1484 216 1561 256 pro
1595 200 1673 241 vir-

248 279 407 321 tutibus
441 292 481 321 et
511 279 699 320 moribus
718 281 758 334 ²)
792 278 1067 327 credentium,
1099 290 1165 318 aut
1192 279 1345 319 decora
1365 277 1675 334 pronuntiatur,

249 370 320 400 aut
349 359 505 415 turpis,
547 358 778 399 secundum
813 357 929 413 quod
961 368 1000 396 et
1030 355 1234 411 scriptum
1266 355 1458 409 legimus:
1525 357 1675 406 „vesti-

251 436 425 492 giun13)
470 435 608 477 cordis
658 437 697 476 in
739 435 861 476 bonis
901 435 1037 474 vultus
1070 433 1224 476 hilaris.
1240 441 1262 459 ‘¹
1322 433 1377 474 Et
1414 434 1515 475 item
1554 434 1672 475 alibi:

251 514 426 565 „cordis
448 513 488 569 ⁴)
528 513 624 554 laeti
665 513 790 554 {acies
840 512 1008 562 florida,
1054 512 1093 552 in
1145 512 1320 553 tristitiis
1361 524 1500 553 autem
1547 511 1675 568 positi

249 605 435 634 moestus
469 603 525 632 est
561 591 739 631 vultus.“
803 590 888 631 Cor
919 607 1016 643 ergo
1053 591 1208 630 laetum
1242 602 1320 641 est,
1354 608 1447 630 cum
1479 591 1604 631 habet
1635 590 1675 630 iu

249 688 292 712 se
322 670 515 727 spiritum
535 669 637 710 Dei:
672 667 787 726 eujus
812 667 974 723 primus
996 669 1156 709 fructus
1187 667 1332 709 caritas
1364 680 1436 717 est,
1469 669 1674 709 secundus

250 749 451 803 gaudium
482 760 554 789 est.
614 747 674 788 Ex
706 747 768 788 his
799 759 904 803 puto
946 747 1148 803 quosdam
1188 745 1394 802 sapientes
1428 747 1584 788 saeculi
1614 763 1676 787 as-

250 827 442 869 sumsisse
475 826 589 868 illam
622 825 892 876 sententiam,
932 841 1037 882 quae
1071 824 1194 875 dicit,
1233 824 1330 881 quia
1368 825 1481 866 solus
1510 824 1674 881 sapiens

252 906 467 963 speciosus
502 916 582 955 est,
626 905 762 945 omnis
793 917 934 945 aulem
965 920 1143 959 nequam
1178 902 1310 959 turpis
1343 914 1415 944 est.
1477 903 1679 959 Superest

251 984 394 1034 nobis,
441 995 487 1023 ut
525 982 687 1038 aliquid
728 982 913 1038 apertius
953 981 1078 1021 etiam
1120 982 1170 1021 de
1210 980 1382 1022 nomine
1422 980 1677 1038 promuralis

253 1062 452 1103 dicamus.
502 1060 646 1115 Quod,
676 1060 783 1102 sicut
813 1077 936 1116 supra
969 1058 1160 1109 diximus,
1192 1058 1360 1109 indicat,
1392 1076 1559 1100 murum
1592 1074 1678 1100 esse

252 1153 346 1182 ante
389 1156 580 1189 murum,
629 1140 744 1195 quod
783 1138 904 1180 etiam
953 1137 993 1178 in
1036 1137 1158 1178 Esaia
1201 1139 1281 1178 hoc
1324 1137 1455 1178 modo
1503 1136 1677 1178 dieitur:
1714 1189 1717 1191 .

256 1219 472 1275 „ponet⁵)
506 1234 675 1258 murum
707 1229 748 1258 et
779 1216 887 1258 circa
918 1222 1128 1257 murum.“
1189 1217 1338 1257 BIurus
1369 1215 1678 1256 munimentum

257 1297 432 1338 civitatis
471 1307 544 1337 est.
611 1295 732 1336 Alius
770 1311 873 1349 ¹vero
914 1311 1058 1335 murus
1098 1305 1190 1335 ante
1231 1310 1420 1343 murum,
1462 1293 1528 1333 vel
1571 1293 1679 1333 circa

254 1391 448 1425 murum,
490 1372 650 1430 majora
694 1385 735 1413 et
777 1371 981 1412 validiora
1026 1371 1286 1412 munimenta
1329 1371 1527 1424 designat.
1597 1372 1680 1411 Per

256 1453 373 1509 quod
419 1450 676 1500 ostenditur,
725 1449 821 1506 quia
867 1465 1045 1490 evocans
1092 1465 1230 1489 sermo
1270 1448 1355 1489 Dei
1395 1448 1597 1499 animam,
1639 1460 1680 1488 et

256 1532 436 1572 educens
476 1546 565 1570 eam
607 1545 629 1569 a
668 1527 960 1584 corporalibus
999 1525 1177 1579 negotiis
1218 1537 1258 1566 et
1298 1526 1514 1583 corporeis
1554 1525 1681 1567 sensi-

255 1611 347 1660 bus,
379 1609 533 1650 docere
565 1622 654 1648 eam
689 1606 740 1646 de
771 1604 903 1645 futuri
933 1603 1090 1646 saeculi
1120 1604 1326 1662 mysteriis
1358 1603 1486 1660 cupit,
1519 1615 1560 1645 et
1583 1604 1679 1645 inde

257 1686 294 1727 ei
340 1685 601 1726 munimenta
641 1683 914 1739 conquirere,
960 1694 1006 1723 ut
1045 1699 1117 1738 spe
1158 1683 1400 1741 futurorum
1438 1681 1597 1723 munita
1642 1693 1682 1721 et

257 1763 514 1805 circumdata
548 1762 592 1803 in
622 1760 741 1800 nullo
774 1759 905 1815 possit
938 1760 1003 1799 vel
1036 1759 1247 1800 illecebris
1282 1759 1410 1810 vinci,
1453 1760 1517 1800 vel
1550 1760 1680 1800 tribu-

258 1840 486 1882 lationibus
514 1837 689 1891 satigari.
750 1838 870 1877 Nunc
904 1836 1026 1877 etiam
1059 1835 1296 1885 videamus,
1329 1838 1547 1894 quomodo
1580 1839 1681 1878 haec

257 1937 281 1960 a
312 1918 479 1962 Christo
511 1918 564 1958 ad
595 1908 811 1957 'ecelesiam
852 1914 1044 1954 dicantur
1060 1915 1126 1968 ὃ),
1167 1931 1272 1970 quae
1313 1926 1374 1955 est
1413 1915 1603 1970 proxima
1643 1916 1680 1957 ei

259 2009 301 2038 et
329 1995 540 2053 specioszl:
580 1994 770 2051 speciosa
800 2004 939 2033 autem
971 1991 1079 2032 nulli
1110 1990 1179 2032 alii
1212 1991 1290 2033 nisi
1319 1992 1401 2032 soli
1433 1992 1525 2048 ipsi.
1587 1993 1681 2034 Hoc

260 2074 373 2116 enim
402 2072 619 2126 siguificat,
650 2089 745 2112 cum
778 2070 898 2112 dicit:
932 2068 1147 2126 „speciosa
1167 2070 1206 2123 7)
1238 2077 1372 2110 mea.“
1431 2070 1549 2110 Hanc
1580 2087 1678 2123 ergo

261 2151 482 2194 exsuscitat
513 2149 722 2207 GliristuS,
764 2162 803 2190 et
843 2148 920 2205 ipsi
964 2147 1224 2200 evangelium
1255 2148 1571 2190 resurrectionis
1611 2165 1680 2190 an·

259 2230 444 2281 nuntiat,
485 2240 525 2270 et
566 2227 663 2269 ideo
707 2227 830 2268 dicit:
892 2227 1175 2280 ‚,exsu1·ge‘3)‚
1220 2226 1314 2267 veni
1344 2225 1537 2282 proxima
1574 2243 1681 2278 mea,

260 2307 450 2365 speciosa
467 2312 602 2347 mea.“
655 2304 766 2359 Quia
790 2316 928 2345 autem
948 2304 1066 2345 dedit
1088 2315 1128 2344 et
1153 2303 1188 2343 ei
1208 2320 1364 2358 pennas
1387 2304 1609 2346 columbae
1625 2304 1682 2361 9),

261 2398 402 2405 ,νη-...ὴ

382 2448 422 2504 ¹)
452 2447 585 2488 Deest
613 2451 710 2495 „eU‘
741 2444 781 2486 in
814 2445 879 2486 ed.
897 2443 1040 2486 Ruaei.
1134 2444 1175 2499 2)
1205 2444 1314 2486 Edd.
1333 2445 1394 2487 M.
1426 2446 1681 2496 „motihus.“

377 2518 422 2573 ³)
448 2514 1235 2573 Sap.Sirac.XIlI‚26.(Ecclesiastic.)
1310 2514 1352 2572 ⁶²)
1367 2515 1492 2561 Prov.
1504 2515 1596 2566 XV,
1615 2515 1680 2560 13.

379 2590 422 2645 ⁵)
452 2587 563 2628 Edd.
595 2586 656 2626 M.
689 2584 904 2641 ‚‚p0nit,“
947 2586 1008 2626 ed.
1040 2585 1195 2626 Ruaei:
1236 2593 1434 2642 ‚‚pone.“
1489 2611 1536 2618 -
1593 2585 1679 2628 Cfr.

262 2658 390 2701 Jesai.
421 2657 588 2706 XXVI,
620 2654 657 2698 1.
943 2655 985 2710 6)
1015 2654 1094 2696 Ed.
1126 2656 1278 2697 Ruaei:
1312 2656 1484 2698 dicatur.

315 2732 317 2734 ’
381 2729 422 2785 ⁷)
455 2725 612 2769 Cantic.
644 2726 709 2775 II,
741 2723 805 2767 13.
924 2725 967 2780 8)
1000 2724 1157 2767 Cantic.
1190 2727 1252 2777 II,
1285 2724 1349 2769 13.

381 2798 424 2853 ⁹)
455 2797 566 2840 Edd.
585 2795 645 2836 M.
677 2794 926 2845 „columbae
952 2808 1098 2851 postea
1118 2814 1223 2852 quae
1244 2796 1445 2838 dormivit
1464 2796 1507 2838 in
1536 2799 1678 2840 medio

263 2855 473 2898 fortium“
508 2865 583 2893 etc.
