<?xml version="1.0" encoding="UTF-8"?>
<!DOCTYPE html PUBLIC "-//W3C//DTD XHTML 1.0 Transitional//EN"
    "http://www.w3.org/TR/xhtml1/DTD/xhtml1-transitional.dtd">
<html xmlns="http://www.w3.org/1999/xhtml" xml:lang="en" lang="en">
 <head>
  <title>
</title>
<meta http-equiv="Content-Type" content="text/html;charset=utf-8" />
  <meta name='ocr-system' content='tesseract 3.04.00' />
  <meta name='ocr-capabilities' content='ocr_page ocr_carea ocr_par ocr_line ocrx_word'/>
</head>
<body>
  <div class='ocr_page' id='page_1' title='image "./operaomniaquaegr15orig/operaomniaquaegr15orig_0343.png"; bbox 0 0 1763 3112; ppageno 0'>
   <div class='ocr_carea' id='block_1_1' title="bbox 571 80 1481 129">
    <p class='ocr_par' dir='ltr' id='par_1_1' title="bbox 571 80 1481 129">
     <span class='ocr_line' id='line_1_1' title="bbox 571 80 1481 129; baseline 0.009 -8"><span class='ocrx_word' id='word_1_1' title='bbox 571 80 770 123; x_wconf 71' lang='lat' dir='ltr'><strong>Humum</strong></span> <span class='ocrx_word' id='word_1_2' title='bbox 805 80 965 123; x_wconf 85' lang='lat' dir='ltr'><strong>XVIII.</strong></span> <span class='ocrx_word' id='word_1_3' title='bbox 1398 84 1481 129; x_wconf 85' lang='lat'><em>329</em></span> 
     </span>
    </p>
   </div>
   <div class='ocr_carea' id='block_1_2' title="bbox 71 185 1490 2253">
    <p class='ocr_par' dir='ltr' id='par_1_2' title="bbox 71 185 1489 1931">
     <span class='ocr_line' id='line_1_2' title="bbox 72 185 1479 254; baseline 0.002 -17"><span class='ocrx_word' id='word_1_4' title='bbox 72 201 231 238; x_wconf 87' lang='grc' dir='ltr'><em>σεσθαι</em></span> <span class='ocrx_word' id='word_1_5' title='bbox 260 190 439 241; x_wconf 75' lang='grc' dir='ltr'><em>πάντως</em></span> <span class='ocrx_word' id='word_1_6' title='bbox 466 208 523 249; x_wconf 88' lang='grc' dir='ltr'><em>με</em></span> <span class='ocrx_word' id='word_1_7' title='bbox 546 192 650 254; x_wconf 83' lang='grc' dir='ltr'><em>χρή.</em></span> <span class='ocrx_word' id='word_1_8' title='bbox 721 193 785 237; x_wconf 84' lang='grc' dir='ltr'><em>Οὐ</em></span> <span class='ocrx_word' id='word_1_9' title='bbox 828 198 1141 249; x_wconf 77' lang='grc' dir='ltr'><em>προσποιεῖται</em></span> <span class='ocrx_word' id='word_1_10' title='bbox 1175 185 1257 237; x_wconf 74' lang='grc' dir='ltr'><em>οὖν</em></span> <span class='ocrx_word' id='word_1_11' title='bbox 1287 195 1335 238; x_wconf 87' lang='grc' dir='ltr'><em>τὸ</em></span> <span class='ocrx_word' id='word_1_12' title='bbox 1374 200 1479 252; x_wconf 88' lang='grc' dir='ltr'><em>περὶ</em></span> 
     </span>
     <span class='ocr_line' id='line_1_3' title="bbox 71 267 1480 330; baseline 0.002 -16"><span class='ocrx_word' id='word_1_13' title='bbox 71 274 150 315; x_wconf 91' lang='grc' dir='ltr'><em>τοῦ</em></span> <span class='ocrx_word' id='word_1_14' title='bbox 180 271 256 314; x_wconf 71' lang='grc' dir='ltr'><em>ἐπὶ</em></span> <span class='ocrx_word' id='word_1_15' title='bbox 285 272 358 313; x_wconf 83' lang='grc' dir='ltr'><em>σοὶ</em></span> <span class='ocrx_word' id='word_1_16' title='bbox 385 272 626 324; x_wconf 77' lang='grc' dir='ltr'><em>μέλλοντος</em></span> <span class='ocrx_word' id='word_1_17' title='bbox 663 270 854 324; x_wconf 81' lang='grc' dir='ltr'><em>εἰδέναι,</em></span> <span class='ocrx_word' id='word_1_18' title='bbox 892 272 968 313; x_wconf 80' lang='grc' dir='ltr'><em>ἵνα</em></span> <span class='ocrx_word' id='word_1_19' title='bbox 1005 267 1172 330; x_wconf 78' lang='grc' dir='ltr'>τηρήσῃ</span> <span class='ocrx_word' id='word_1_20' title='bbox 1201 284 1284 314; x_wconf 90' lang='grc' dir='ltr'><em>σου</em></span> <span class='ocrx_word' id='word_1_21' title='bbox 1312 270 1361 315; x_wconf 87' lang='grc' dir='ltr'><em>τὸ</em></span> <span class='ocrx_word' id='word_1_22' title='bbox 1393 273 1480 316; x_wconf 80' lang='grc' dir='ltr'><em>αὐ-</em></span> 
     </span>
     <span class='ocr_line' id='line_1_4' title="bbox 74 345 1479 405; baseline 0.001 -15"><span class='ocrx_word' id='word_1_23' title='bbox 74 346 320 401; x_wconf 80' lang='grc' dir='ltr'><em>τεξούσιον,</em></span> <span class='ocrx_word' id='word_1_24' title='bbox 364 349 425 403; x_wconf 82' lang='grc' dir='ltr'><em>τῷ</em></span> <span class='ocrx_word' id='word_1_25' title='bbox 474 345 536 402; x_wconf 84' lang='grc' dir='ltr'><em>μὴ</em></span> <span class='ocrx_word' id='word_1_26' title='bbox 575 349 920 404; x_wconf 75' lang='grc' dir='ltr'><em>προειληφέναι,</em></span> <span class='ocrx_word' id='word_1_27' title='bbox 965 347 1082 404; x_wconf 78' lang='grc' dir='ltr'><em>μηδὲ</em></span> <span class='ocrx_word' id='word_1_28' title='bbox 1125 351 1479 405; x_wconf 77' lang='grc' dir='ltr'><em>προεγνωκέναι,</em></span> 
     </span>
     <span class='ocr_line' id='line_1_5' title="bbox 72 420 1481 483; baseline 0.001 -17"><span class='ocrx_word' id='word_1_29' title='bbox 72 420 264 480; x_wconf 87' lang='grc' dir='ltr'><em>πότερον</em></span> <span class='ocrx_word' id='word_1_30' title='bbox 300 421 612 479; x_wconf 85' lang='grc' dir='ltr'><em>μετανοήσεις,</em></span> <span class='ocrx_word' id='word_1_31' title='bbox 650 420 677 478; x_wconf 88' lang='grc' dir='ltr'><em>ἢ</em></span> <span class='ocrx_word' id='word_1_32' title='bbox 705 421 785 480; x_wconf 87' lang='grc' dir='ltr'><em>μή.</em></span> <span class='ocrx_word' id='word_1_33' title='bbox 843 426 936 466; x_wconf 86' lang='grc' dir='ltr'><em>Καὶ</em></span> <span class='ocrx_word' id='word_1_34' title='bbox 963 427 1084 481; x_wconf 79' lang='grc' dir='ltr'><em>λέγει</em></span> <span class='ocrx_word' id='word_1_35' title='bbox 1114 423 1226 482; x_wconf 88' lang='grc' dir='ltr'><em>πρὸς</em></span> <span class='ocrx_word' id='word_1_36' title='bbox 1253 423 1334 468; x_wconf 86' lang='grc' dir='ltr'><em>τὸν</em></span> <span class='ocrx_word' id='word_1_37' title='bbox 1361 441 1481 483; x_wconf 89' lang='grc' dir='ltr'><em>προ-</em></span> 
     </span>
     <span class='ocr_line' id='line_1_6' title="bbox 73 497 1482 560; baseline 0.003 -19"><span class='ocrx_word' id='word_1_38' title='bbox 73 497 242 557; x_wconf 76' lang='grc' dir='ltr'><em>φήτην·</em></span> <span class='ocrx_word' id='word_1_39' title='bbox 273 497 516 555; x_wconf 63' lang='lat' dir='ltr'><em>„Ml-now,</em></span> <span class='ocrx_word' id='word_1_40' title='bbox 537 502 574 557; x_wconf 91' lang='lat'><em>¹)</em></span> <span class='ocrx_word' id='word_1_41' title='bbox 605 505 711 550; x_wconf 85' lang='grc' dir='ltr'><em>ἴσως</em></span> <span class='ocrx_word' id='word_1_42' title='bbox 736 498 1099 557; x_wconf 83' lang='grc' dir='ltr'><em>μετανοήσωσι.“</em></span> <span class='ocrx_word' id='word_1_43' title='bbox 1163 503 1361 545; x_wconf 83' lang='grc' dir='ltr'><em>Τοιαῦτα</em></span> <span class='ocrx_word' id='word_1_44' title='bbox 1390 500 1482 560; x_wconf 74' lang='grc' dir='ltr'><em>γὰρ</em></span> 
     </span>
     <span class='ocr_line' id='line_1_7' title="bbox 71 571 1482 635; baseline 0.004 -17"><span class='ocrx_word' id='word_1_45' title='bbox 71 571 186 618; x_wconf 69' lang='grc' dir='ltr'><em>ἄλλα</em></span> <span class='ocrx_word' id='word_1_46' title='bbox 228 582 368 632; x_wconf 87' lang='grc' dir='ltr'><em>μυρία</em></span> <span class='ocrx_word' id='word_1_47' title='bbox 417 576 613 635; x_wconf 76' lang='grc' dir='ltr'><em>εὑρήσεις</em></span> <span class='ocrx_word' id='word_1_48' title='bbox 642 575 866 635; x_wconf 76' lang='grc' dir='ltr'><em>λεγόμενα</em></span> <span class='ocrx_word' id='word_1_49' title='bbox 897 582 1000 635; x_wconf 87' lang='grc' dir='ltr'><em>περὶ</em></span> <span class='ocrx_word' id='word_1_50' title='bbox 1039 580 1117 622; x_wconf 89' lang='grc' dir='ltr'><em>τοῦ</em></span> <span class='ocrx_word' id='word_1_51' title='bbox 1154 581 1264 623; x_wconf 88' lang='grc' dir='ltr'><em>θεοῦ</em></span> <span class='ocrx_word' id='word_1_52' title='bbox 1309 596 1482 635; x_wconf 88' lang='grc' dir='ltr'><em>τροπο-</em></span> 
     </span>
     <span class='ocr_line' id='line_1_8' title="bbox 71 650 1481 716; baseline 0.001 -20"><span class='ocrx_word' id='word_1_53' title='bbox 71 656 326 711; x_wconf 81' lang='grc' dir='ltr'><em>φοροῦντος</em></span> <span class='ocrx_word' id='word_1_54' title='bbox 354 652 433 698; x_wconf 84' lang='grc' dir='ltr'><em>τὸν</em></span> <span class='ocrx_word' id='word_1_55' title='bbox 474 650 738 711; x_wconf 72' lang='grc' dir='ltr'><em>ἄνθρωπον.</em></span> <span class='ocrx_word' id='word_1_56' title='bbox 804 653 914 698; x_wconf 80' lang='grc' dir='ltr'><em>Ἐὰν</em></span> <span class='ocrx_word' id='word_1_57' title='bbox 950 653 1144 715; x_wconf 77' lang='grc' dir='ltr'><em>ἀκούσῃς</em></span> <span class='ocrx_word' id='word_1_58' title='bbox 1171 653 1325 716; x_wconf 85' lang='grc' dir='ltr'><em>θυμὸν</em></span> <span class='ocrx_word' id='word_1_59' title='bbox 1354 659 1481 711; x_wconf 88' lang='grc' dir='ltr'><em>θεοῦ,</em></span> 
     </span>
     <span class='ocr_line' id='line_1_9' title="bbox 71 729 1484 790; baseline 0.004 -18"><span class='ocrx_word' id='word_1_60' title='bbox 71 733 149 772; x_wconf 85' lang='grc' dir='ltr'><em>καὶ</em></span> <span class='ocrx_word' id='word_1_61' title='bbox 200 729 340 789; x_wconf 83' lang='grc' dir='ltr'><em>ὀργὴν</em></span> <span class='ocrx_word' id='word_1_62' title='bbox 362 731 404 787; x_wconf 89' lang='grc'><em>2)</em></span> <span class='ocrx_word' id='word_1_63' title='bbox 453 731 613 787; x_wconf 85' lang='grc' dir='ltr'><em>αὐτοῦ,</em></span> <span class='ocrx_word' id='word_1_64' title='bbox 665 730 728 787; x_wconf 75' lang='grc' dir='ltr'><em>μὴ</em></span> <span class='ocrx_word' id='word_1_65' title='bbox 779 730 928 789; x_wconf 82' lang='grc' dir='ltr'><em>νόμιζε</em></span> <span class='ocrx_word' id='word_1_66' title='bbox 971 731 1056 786; x_wconf 77' lang='grc' dir='ltr'><em>τὴν</em></span> <span class='ocrx_word' id='word_1_67' title='bbox 1103 731 1244 790; x_wconf 87' lang='grc' dir='ltr'><em>ὀργὴν</em></span> <span class='ocrx_word' id='word_1_68' title='bbox 1283 736 1358 777; x_wconf 84' lang='grc' dir='ltr'><em>καὶ</em></span> <span class='ocrx_word' id='word_1_69' title='bbox 1402 731 1484 777; x_wconf 81' lang='grc' dir='ltr'><em>τὸν</em></span> 
     </span>
     <span class='ocr_line' id='line_1_10' title="bbox 71 805 1480 867; baseline 0.003 -17"><span class='ocrx_word' id='word_1_70' title='bbox 71 806 226 864; x_wconf 89' lang='grc' dir='ltr'><em>θυμὸν</em></span> <span class='ocrx_word' id='word_1_71' title='bbox 266 805 397 863; x_wconf 75' lang='grc' dir='ltr'><em>πάθη</em></span> <span class='ocrx_word' id='word_1_72' title='bbox 435 807 551 853; x_wconf 83' lang='grc' dir='ltr'><em>εἶναι</em></span> <span class='ocrx_word' id='word_1_73' title='bbox 597 812 722 854; x_wconf 87' lang='grc' dir='ltr'><em>θεοῦ.</em></span> <span class='ocrx_word' id='word_1_74' title='bbox 798 810 1125 866; x_wconf 79' lang='grc' dir='ltr'><em>Οἰκονομίαι3)</em></span> <span class='ocrx_word' id='word_1_75' title='bbox 1161 808 1368 867; x_wconf 79' lang='grc' dir='ltr'><em>χρήσεως</em></span> <span class='ocrx_word' id='word_1_76' title='bbox 1407 813 1480 854; x_wconf 84' lang='grc' dir='ltr'><em>λε’-</em></span> 
     </span>
     <span class='ocr_line' id='line_1_11' title="bbox 74 882 1485 943; baseline 0.001 -15"><span class='ocrx_word' id='word_1_77' title='bbox 74 882 186 934; x_wconf 78' lang='grc' dir='ltr'><em>ξεών</em></span> <span class='ocrx_word' id='word_1_78' title='bbox 224 889 309 929; x_wconf 81' lang='grc' dir='ltr'><em>εἶσι</em></span> <span class='ocrx_word' id='word_1_79' title='bbox 346 884 459 943; x_wconf 82' lang='grc' dir='ltr'><em>πρὸς</em></span> <span class='ocrx_word' id='word_1_80' title='bbox 504 883 553 929; x_wconf 88' lang='grc' dir='ltr'><em>τὸ</em></span> <span class='ocrx_word' id='word_1_81' title='bbox 591 889 760 943; x_wconf 78' lang='grc' dir='ltr'><em>βρέφος</em></span> <span class='ocrx_word' id='word_1_82' title='bbox 809 886 1079 943; x_wconf 71' lang='grc' dir='ltr'><em>ἐπιστρέψαι</em></span> <span class='ocrx_word' id='word_1_83' title='bbox 1119 889 1196 928; x_wconf 86' lang='grc' dir='ltr'><em>καὶ</em></span> <span class='ocrx_word' id='word_1_84' title='bbox 1234 889 1485 942; x_wconf 80' lang='grc' dir='ltr'><em>βελτιωθῆ-</em></span> 
     </span>
     <span class='ocr_line' id='line_1_12' title="bbox 77 960 1486 1020; baseline 0.001 -15"><span class='ocrx_word' id='word_1_85' title='bbox 77 976 172 1005; x_wconf 90' lang='grc' dir='ltr'><em>ναι·</em></span> <span class='ocrx_word' id='word_1_86' title='bbox 205 963 303 1006; x_wconf 77' lang='grc' dir='ltr'><em>ἐπεὶ</em></span> <span class='ocrx_word' id='word_1_87' title='bbox 333 966 407 1005; x_wconf 88' lang='grc' dir='ltr'><em>καὶ</em></span> <span class='ocrx_word' id='word_1_88' title='bbox 449 960 576 1019; x_wconf 84' lang='grc' dir='ltr'><em>ἡμεῖς</em></span> <span class='ocrx_word' id='word_1_89' title='bbox 614 968 706 1009; x_wconf 82' lang='grc' dir='ltr'><em>τοῖς</em></span> <span class='ocrx_word' id='word_1_90' title='bbox 743 964 944 1011; x_wconf 89' lang='grc' dir='ltr'><em>παιδίοις</em></span> <span class='ocrx_word' id='word_1_91' title='bbox 979 960 1231 1020; x_wconf 87' lang='grc' dir='ltr'><em>πρόσωπον</em></span> <span class='ocrx_word' id='word_1_92' title='bbox 1260 966 1486 1019; x_wconf 86' lang='grc' dir='ltr'><em>ποιοῦμεν</em></span> 
     </span>
     <span class='ocr_line' id='line_1_13' title="bbox 78 1037 1484 1098; baseline 0.002 -17"><span class='ocrx_word' id='word_1_93' title='bbox 78 1038 160 1082; x_wconf 83' lang='grc' dir='ltr'><em>οὐκ</em></span> <span class='ocrx_word' id='word_1_94' title='bbox 200 1039 291 1082; x_wconf 76' lang='grc' dir='ltr'><em>ἀπὸ</em></span> <span class='ocrx_word' id='word_1_95' title='bbox 332 1039 598 1093; x_wconf 73' lang='grc' dir='ltr'><em>διαθέσεως,</em></span> <span class='ocrx_word' id='word_1_96' title='bbox 647 1037 762 1081; x_wconf 72' lang='grc' dir='ltr'><em>ἄλλα</em></span> <span class='ocrx_word' id='word_1_97' title='bbox 808 1038 899 1082; x_wconf 80' lang='grc' dir='ltr'><em>κατ’</em></span> <span class='ocrx_word' id='word_1_98' title='bbox 948 1042 1218 1096; x_wconf 78' lang='grc' dir='ltr'><em>οἰκονομίαν</em></span> <span class='ocrx_word' id='word_1_99' title='bbox 1267 1039 1484 1098; x_wconf 67' lang='grc' dir='ltr'><em>φοβερόν.</em></span> 
     </span>
     <span class='ocr_line' id='line_1_14' title="bbox 71 1114 1487 1175; baseline 0.003 -17"><span class='ocrx_word' id='word_1_100' title='bbox 71 1114 180 1159; x_wconf 81' lang='grc' dir='ltr'><em>Ἐὰν</em></span> <span class='ocrx_word' id='word_1_101' title='bbox 208 1114 469 1172; x_wconf 78' lang='grc' dir='ltr'><em>τηρήσωμεν</em></span> <span class='ocrx_word' id='word_1_102' title='bbox 498 1114 547 1159; x_wconf 79' lang='grc' dir='ltr'><em>τὸ</em></span> <span class='ocrx_word' id='word_1_103' title='bbox 576 1118 700 1159; x_wconf 81' lang='grc' dir='ltr'><em>ἵλεον</em></span> <span class='ocrx_word' id='word_1_104' title='bbox 729 1118 807 1170; x_wconf 80' lang='grc' dir='ltr'><em>τῆς</em></span> <span class='ocrx_word' id='word_1_105' title='bbox 838 1118 985 1172; x_wconf 80' lang='grc' dir='ltr'><em>ψυχῆς</em></span> <span class='ocrx_word' id='word_1_106' title='bbox 1013 1115 1128 1173; x_wconf 85' lang='grc' dir='ltr'><em>πρὸς</em></span> <span class='ocrx_word' id='word_1_107' title='bbox 1159 1117 1208 1160; x_wconf 87' lang='grc' dir='ltr'><em>τὸ</em></span> <span class='ocrx_word' id='word_1_108' title='bbox 1237 1122 1407 1175; x_wconf 78' lang='grc' dir='ltr'><em>βρέφος</em></span> <span class='ocrx_word' id='word_1_109' title='bbox 1437 1121 1487 1162; x_wconf 73' lang='grc' dir='ltr'><em>ἐν</em></span> 
     </span>
     <span class='ocr_line' id='line_1_15' title="bbox 77 1190 1487 1251; baseline 0.001 -15"><span class='ocrx_word' id='word_1_110' title='bbox 77 1196 137 1249; x_wconf 78' lang='grc' dir='ltr'><em>τῷ</em></span> <span class='ocrx_word' id='word_1_111' title='bbox 167 1191 398 1251; x_wconf 82' lang='grc' dir='ltr'><em>προσώπῳ</em></span> <span class='ocrx_word' id='word_1_112' title='bbox 429 1191 589 1250; x_wconf 80' lang='grc' dir='ltr'><em>ἡμῶν,</em></span> <span class='ocrx_word' id='word_1_113' title='bbox 635 1196 711 1236; x_wconf 83' lang='grc' dir='ltr'><em>καὶ</em></span> <span class='ocrx_word' id='word_1_114' title='bbox 739 1193 820 1247; x_wconf 89' lang='grc' dir='ltr'><em>τὴν</em></span> <span class='ocrx_word' id='word_1_115' title='bbox 851 1197 1201 1250; x_wconf 75' lang='grc' dir='ltr'><em>ᾳιλοστοργίαν,</em></span> <span class='ocrx_word' id='word_1_116' title='bbox 1235 1190 1292 1248; x_wconf 80' lang='grc' dir='ltr'><em>ἣν</em></span> <span class='ocrx_word' id='word_1_117' title='bbox 1321 1196 1487 1251; x_wconf 75' lang='grc' dir='ltr'><em>ἔχομεν</em></span> 
     </span>
     <span class='ocr_line' id='line_1_16' title="bbox 76 1268 1486 1328; baseline 0.001 -15"><span class='ocrx_word' id='word_1_118' title='bbox 76 1269 191 1327; x_wconf 87' lang='grc' dir='ltr'><em>πρὸς</em></span> <span class='ocrx_word' id='word_1_119' title='bbox 220 1269 344 1325; x_wconf 81' lang='grc' dir='ltr'><em>αὐτὸ,</em></span> <span class='ocrx_word' id='word_1_120' title='bbox 376 1269 759 1328; x_wconf 46' lang='grc' dir='ltr'><em>ἕμᾳῑαίνωμενβ)</em></span> <span class='ocrx_word' id='word_1_121' title='bbox 804 1268 866 1326; x_wconf 84' lang='grc' dir='ltr'><em>μὴ</em></span> <span class='ocrx_word' id='word_1_122' title='bbox 900 1271 1251 1326; x_wconf 79' lang='grc' dir='ltr'><em>διαστρέψαντες</em></span> <span class='ocrx_word' id='word_1_123' title='bbox 1286 1271 1486 1326; x_wconf 83' lang='grc' dir='ltr'><em>ἑαυτοὺς,</em></span> 
     </span>
     <span class='ocr_line' id='line_1_17' title="bbox 74 1345 1487 1408; baseline 0.001 -17"><span class='ocrx_word' id='word_1_124' title='bbox 74 1348 191 1405; x_wconf 81' lang='grc' dir='ltr'><em>μηδὲ</em></span> <span class='ocrx_word' id='word_1_125' title='bbox 222 1350 361 1391; x_wconf 82' lang='grc' dir='ltr'><em>οἱονεὶ</em></span> <span class='ocrx_word' id='word_1_126' title='bbox 388 1345 714 1403; x_wconf 75' lang='grc' dir='ltr'><em>μεταβαλόντες</em></span> <span class='ocrx_word' id='word_1_127' title='bbox 742 1345 856 1403; x_wconf 85' lang='grc' dir='ltr'><em>πρὸς</em></span> <span class='ocrx_word' id='word_1_128' title='bbox 883 1345 964 1400; x_wconf 87' lang='grc' dir='ltr'><em>τὴν</em></span> <span class='ocrx_word' id='word_1_129' title='bbox 989 1346 1163 1391; x_wconf 75' lang='grc' dir='ltr'><em>ἐκείνου</em></span> <span class='ocrx_word' id='word_1_130' title='bbox 1187 1346 1487 1408; x_wconf 77' lang='grc' dir='ltr'><em>ἐπιστροφὴν,</em></span> 
     </span>
     <span class='ocr_line' id='line_1_18' title="bbox 79 1418 1486 1482; baseline 0.002 -15"><span class='ocrx_word' id='word_1_131' title='bbox 79 1422 344 1480; x_wconf 80' lang='grc' dir='ltr'><em>ἀπόλλυμεν</em></span> <span class='ocrx_word' id='word_1_132' title='bbox 373 1422 507 1479; x_wconf 81' lang='grc' dir='ltr'><em>αὐτὸ,</em></span> <span class='ocrx_word' id='word_1_133' title='bbox 551 1428 627 1467; x_wconf 85' lang='grc' dir='ltr'><em>καὶ</em></span> <span class='ocrx_word' id='word_1_134' title='bbox 663 1429 823 1482; x_wconf 79' lang='grc' dir='ltr'><em>χεῖρον</em></span> <span class='ocrx_word' id='word_1_135' title='bbox 860 1427 1100 1481; x_wconf 85' lang='grc' dir='ltr'><em>ποιοῦμεν.</em></span> <span class='ocrx_word' id='word_1_136' title='bbox 1172 1422 1322 1474; x_wconf 70' lang='grc' dir='ltr'><em>Οὕτως</em></span> <span class='ocrx_word' id='word_1_137' title='bbox 1352 1418 1432 1469; x_wconf 79' lang='grc' dir='ltr'><em>οὖν</em></span> <span class='ocrx_word' id='word_1_138' title='bbox 1463 1426 1486 1470; x_wconf 83' lang='grc' dir='ltr'>ὁ</span> 
     </span>
     <span class='ocr_line' id='line_1_19' title="bbox 79 1499 1484 1559; baseline 0.002 -16"><span class='ocrx_word' id='word_1_139' title='bbox 79 1499 186 1550; x_wconf 82' lang='grc' dir='ltr'><em>θεὸς</em></span> <span class='ocrx_word' id='word_1_140' title='bbox 224 1504 302 1544; x_wconf 85' lang='grc' dir='ltr'><em>καὶ</em></span> <span class='ocrx_word' id='word_1_141' title='bbox 342 1499 596 1558; x_wconf 84' lang='grc' dir='ltr'><em>ὀργίζεσθαι</em></span> <span class='ocrx_word' id='word_1_142' title='bbox 645 1504 843 1557; x_wconf 81' lang='grc' dir='ltr'><em>λέγεται,</em></span> <span class='ocrx_word' id='word_1_143' title='bbox 890 1504 968 1544; x_wconf 80' lang='grc' dir='ltr'><em>καὶ</em></span> <span class='ocrx_word' id='word_1_144' title='bbox 1008 1504 1279 1558; x_wconf 81' lang='grc' dir='ltr'><em>θυμοῦσθαί</em></span> <span class='ocrx_word' id='word_1_145' title='bbox 1327 1518 1484 1559; x_wconf 84' lang='grc' dir='ltr'><em>φησιν,</em></span> 
     </span>
     <span class='ocr_line' id='line_1_20' title="bbox 78 1578 1489 1639; baseline 0.001 -19"><span class='ocrx_word' id='word_1_146' title='bbox 78 1581 154 1621; x_wconf 79' lang='grc' dir='ltr'><em>ἵνα</em></span> <span class='ocrx_word' id='word_1_147' title='bbox 184 1578 468 1637; x_wconf 76' lang='grc' dir='ltr'><em>ἔπιστρέψῃς,</em></span> <span class='ocrx_word' id='word_1_148' title='bbox 499 1583 575 1621; x_wconf 83' lang='grc' dir='ltr'><em>καὶ</em></span> <span class='ocrx_word' id='word_1_149' title='bbox 601 1582 858 1638; x_wconf 74' lang='grc' dir='ltr'><em>βελτιωθῖῑς.</em></span> <span class='ocrx_word' id='word_1_150' title='bbox 915 1582 1008 1621; x_wconf 87' lang='grc' dir='ltr'><em>Καὶ</em></span> <span class='ocrx_word' id='word_1_151' title='bbox 1038 1578 1214 1634; x_wconf 76' lang='grc' dir='ltr'><em>ἀληθῶς</em></span> <span class='ocrx_word' id='word_1_152' title='bbox 1246 1578 1327 1623; x_wconf 85' lang='grc' dir='ltr'><em>οὐκ</em></span> <span class='ocrx_word' id='word_1_153' title='bbox 1358 1579 1489 1639; x_wconf 88' lang='grc' dir='ltr'><em>ὀργί-</em></span> 
     </span>
     <span class='ocr_line' id='line_1_21' title="bbox 81 1654 1486 1715; baseline -0.001 -16"><span class='ocrx_word' id='word_1_154' title='bbox 81 1659 196 1706; x_wconf 84' lang='grc' dir='ltr'><em>ζεται</em></span> <span class='ocrx_word' id='word_1_155' title='bbox 224 1656 325 1712; x_wconf 80' lang='grc' dir='ltr'><em>μὲν,</em></span> <span class='ocrx_word' id='word_1_156' title='bbox 358 1655 462 1699; x_wconf 81' lang='grc' dir='ltr'><em>οὐδὲ</em></span> <span class='ocrx_word' id='word_1_157' title='bbox 492 1659 746 1714; x_wconf 87' lang='grc' dir='ltr'><em>θυμοῦται·</em></span> <span class='ocrx_word' id='word_1_158' title='bbox 787 1654 841 1699; x_wconf 82' lang='grc' dir='ltr'><em>σὺ</em></span> <span class='ocrx_word' id='word_1_159' title='bbox 883 1657 931 1699; x_wconf 81' lang='grc' dir='ltr'><em>δὲ</em></span> <span class='ocrx_word' id='word_1_160' title='bbox 973 1660 1103 1715; x_wconf 71' lang='grc' dir='ltr'><em>πείσῃ</em></span> <span class='ocrx_word' id='word_1_161' title='bbox 1144 1654 1198 1699; x_wconf 68' lang='lat' dir='ltr'><em>tc}</em></span> <span class='ocrx_word' id='word_1_162' title='bbox 1229 1658 1307 1709; x_wconf 82' lang='grc' dir='ltr'><em>τῆς</em></span> <span class='ocrx_word' id='word_1_163' title='bbox 1337 1655 1486 1713; x_wconf 81' lang='grc' dir='ltr'><em>ὀργῆς,</em></span> 
     </span>
     <span class='ocr_line' id='line_1_22' title="bbox 80 1730 1487 1792; baseline 0 -16"><span class='ocrx_word' id='word_1_164' title='bbox 80 1735 158 1776; x_wconf 85' lang='grc' dir='ltr'><em>καὶ</em></span> <span class='ocrx_word' id='word_1_165' title='bbox 192 1730 246 1784; x_wconf 59' lang='grc' dir='ltr'><em>,τὰ</em></span> <span class='ocrx_word' id='word_1_166' title='bbox 287 1735 365 1778; x_wconf 88' lang='grc' dir='ltr'><em>τοῦ</em></span> <span class='ocrx_word' id='word_1_167' title='bbox 395 1736 574 1791; x_wconf 87' lang='grc' dir='ltr'><em>θυμοῦ,</em></span> <span class='ocrx_word' id='word_1_168' title='bbox 613 1731 861 1792; x_wconf 80' lang='grc' dir='ltr'><em>γενόμενος</em></span> <span class='ocrx_word' id='word_1_169' title='bbox 897 1734 947 1777; x_wconf 79' lang='grc' dir='ltr'><em>ἒν</em></span> <span class='ocrx_word' id='word_1_170' title='bbox 986 1731 1382 1790; x_wconf 86' lang='grc' dir='ltr'><em>δυσυπομονήτοις</em></span> <span class='ocrx_word' id='word_1_171' title='bbox 1410 1733 1487 1776; x_wconf 77' lang='grc' dir='ltr'><em>διὰ</em></span> 
     </span>
     <span class='ocr_line' id='line_1_23' title="bbox 80 1806 1489 1871; baseline 0.001 -18"><span class='ocrx_word' id='word_1_172' title='bbox 80 1806 163 1863; x_wconf 78' lang='grc' dir='ltr'><em>τῆν</em></span> <span class='ocrx_word' id='word_1_173' title='bbox 208 1813 373 1854; x_wconf 85' lang='grc' dir='ltr'><em>κακίαν</em></span> <span class='ocrx_word' id='word_1_174' title='bbox 410 1809 592 1866; x_wconf 85' lang='grc' dir='ltr'><em>πόνοις,</em></span> <span class='ocrx_word' id='word_1_175' title='bbox 643 1808 762 1855; x_wconf 73' lang='grc' dir='ltr'><em>ἐπὰν</em></span> <span class='ocrx_word' id='word_1_176' title='bbox 804 1807 998 1870; x_wconf 77' lang='grc' dir='ltr'><em>παιδεύῃ</em></span> <span class='ocrx_word' id='word_1_177' title='bbox 1036 1811 1086 1870; x_wconf 76' lang='grc' dir='ltr'><em>τῇ</em></span> <span class='ocrx_word' id='word_1_178' title='bbox 1125 1812 1346 1871; x_wconf 80' lang='grc' dir='ltr'><em>λεγομένῃ</em></span> <span class='ocrx_word' id='word_1_179' title='bbox 1378 1809 1489 1871; x_wconf 78' lang='grc' dir='ltr'><em>ὀργῇ</em></span> 
     </span>
     <span class='ocr_line' id='line_1_24' title="bbox 83 1888 318 1931; baseline -0.005 -1"><span class='ocrx_word' id='word_1_180' title='bbox 83 1888 162 1930; x_wconf 81' lang='grc' dir='ltr'><em>τοῦ</em></span> <span class='ocrx_word' id='word_1_181' title='bbox 192 1888 318 1931; x_wconf 80' lang='grc' dir='ltr'><em>θεοῦ.</em></span> 
     </span>
    </p>

    <p class='ocr_par' dir='ltr' id='par_1_3' title="bbox 79 1961 1490 2253">
     <span class='ocr_line' id='line_1_25' title="bbox 192 1961 1490 2021; baseline 0.002 -15"><span class='ocrx_word' id='word_1_182' title='bbox 192 1964 233 2006; x_wconf 85' lang='grc'><em>7.</em></span> <span class='ocrx_word' id='word_1_183' title='bbox 262 1962 387 2018; x_wconf 79' lang='grc' dir='ltr'><em>Ἑξῆς</em></span> <span class='ocrx_word' id='word_1_184' title='bbox 413 1962 527 2020; x_wconf 78' lang='grc' dir='ltr'><em>μετὰ</em></span> <span class='ocrx_word' id='word_1_185' title='bbox 558 1962 638 2008; x_wconf 85' lang='grc' dir='ltr'><em>τὸν</em></span> <span class='ocrx_word' id='word_1_186' title='bbox 665 1966 770 2019; x_wconf 89' lang='grc' dir='ltr'><em>περὶ</em></span> <span class='ocrx_word' id='word_1_187' title='bbox 798 1966 889 2007; x_wconf 84' lang='grc' dir='ltr'><em>τῶν</em></span> <span class='ocrx_word' id='word_1_188' title='bbox 919 1961 1002 2008; x_wconf 85' lang='grc' dir='ltr'><em>δύο</em></span> <span class='ocrx_word' id='word_1_189' title='bbox 1034 1964 1186 2008; x_wconf 77' lang='grc' dir='ltr'><em>ἐθνῶν</em></span> <span class='ocrx_word' id='word_1_190' title='bbox 1214 1961 1379 2021; x_wconf 87' lang='grc' dir='ltr'><em>λόγον,</em></span> <span class='ocrx_word' id='word_1_191' title='bbox 1411 1967 1490 2009; x_wconf 87' lang='grc' dir='ltr'><em>τοῦ</em></span> 
     </span>
     <span class='ocr_line' id='line_1_26' title="bbox 79 2033 1489 2099; baseline 0 -15"><span class='ocrx_word' id='word_1_192' title='bbox 79 2044 325 2099; x_wconf 83' lang='grc' dir='ltr'><em>προτέρου,</em></span> <span class='ocrx_word' id='word_1_193' title='bbox 378 2033 413 2098; x_wconf 79' lang='grc' dir='ltr'><em>ᾧ</em></span> <span class='ocrx_word' id='word_1_194' title='bbox 454 2039 613 2096; x_wconf 86' lang='grc' dir='ltr'><em>απειλὴ</em></span> <span class='ocrx_word' id='word_1_195' title='bbox 653 2042 853 2097; x_wconf 79' lang='grc' dir='ltr'><em>δίδοται,</em></span> <span class='ocrx_word' id='word_1_196' title='bbox 897 2043 974 2084; x_wconf 82' lang='grc' dir='ltr'><em>καὶ</em></span> <span class='ocrx_word' id='word_1_197' title='bbox 1002 2043 1081 2084; x_wconf 87' lang='grc' dir='ltr'><em>τοῦ</em></span> <span class='ocrx_word' id='word_1_198' title='bbox 1115 2041 1349 2099; x_wconf 77' lang='grc' dir='ltr'><em>δευτέρου,</em></span> <span class='ocrx_word' id='word_1_199' title='bbox 1397 2043 1432 2098; x_wconf 84' lang='grc' dir='ltr'>ᾠ</span> <span class='ocrx_word' id='word_1_200' title='bbox 1464 2040 1489 2097; x_wconf 87' lang='grc' dir='ltr'>ἡ</span> 
     </span>
     <span class='ocr_line' id='line_1_27' title="bbox 81 2114 1490 2176; baseline 0.001 -15"><span class='ocrx_word' id='word_1_201' title='bbox 81 2117 330 2174; x_wconf 67' lang='grc' dir='ltr'><em>ἐπαγγελία</em></span> <span class='ocrx_word' id='word_1_202' title='bbox 360 2119 553 2174; x_wconf 88' lang='grc' dir='ltr'><em>δίδοται,</em></span> <span class='ocrx_word' id='word_1_203' title='bbox 584 2124 752 2176; x_wconf 74' lang='grc' dir='ltr'><em>φησίν·</em></span> <span class='ocrx_word' id='word_1_204' title='bbox 787 2142 837 2149; x_wconf 87' lang='grc'>-</span> <span class='ocrx_word' id='word_1_205' title='bbox 869 2114 964 2163; x_wconf 82' lang='grc' dir='ltr'><em>εἷπε</em></span> <span class='ocrx_word' id='word_1_206' title='bbox 1004 2116 1213 2172; x_wconf 84' lang='grc' dir='ltr'><em>δηλονότι</em></span> <span class='ocrx_word' id='word_1_207' title='bbox 1251 2123 1344 2167; x_wconf 86' lang='grc' dir='ltr'><em>τοῖς</em></span> <span class='ocrx_word' id='word_1_208' title='bbox 1371 2135 1490 2174; x_wconf 87' lang='grc' dir='ltr'><em>προ-</em></span> 
     </span>
     <span class='ocr_line' id='line_1_28' title="bbox 86 2191 1490 2253; baseline 0.003 -18"><span class='ocrx_word' id='word_1_209' title='bbox 86 2197 247 2250; x_wconf 80' lang='grc' dir='ltr'><em>τέροις·</em></span> <span class='ocrx_word' id='word_1_210' title='bbox 290 2220 341 2227; x_wconf 88' lang='lat'><em>—-</em></span> <span class='ocrx_word' id='word_1_211' title='bbox 380 2195 550 2252; x_wconf 73' lang='grc' dir='ltr'><em>,,καὶ5)</em></span> <span class='ocrx_word' id='word_1_212' title='bbox 611 2198 696 2240; x_wconf 88' lang='grc' dir='ltr'><em>νῦν</em></span> <span class='ocrx_word' id='word_1_213' title='bbox 740 2196 870 2241; x_wconf 78' lang='grc' dir='ltr'><em>εἰπὸν</em></span> <span class='ocrx_word' id='word_1_214' title='bbox 909 2194 1023 2253; x_wconf 86' lang='grc' dir='ltr'><em>πρὸς</em></span> <span class='ocrx_word' id='word_1_215' title='bbox 1062 2191 1288 2253; x_wconf 65' lang='grc' dir='ltr'><em>ἅνδραςῧ)</em></span> <span class='ocrx_word' id='word_1_216' title='bbox 1326 2193 1490 2252; x_wconf 82' lang='grc' dir='ltr'><em>Ἰούδα,</em></span> 
     </span>
    </p>
   </div>
   <div class='ocr_carea' id='block_1_3' title="bbox 206 2345 803 2401">
    <p class='ocr_par' dir='ltr' id='par_1_4' title="bbox 206 2345 803 2401">
     <span class='ocr_line' id='line_1_29' title="bbox 206 2345 803 2401; baseline 0.012 -15"><span class='ocrx_word' id='word_1_217' title='bbox 206 2345 246 2401; x_wconf 87' lang='lat'><em>¹)</em></span> <span class='ocrx_word' id='word_1_218' title='bbox 278 2346 364 2387; x_wconf 89' lang='lat' dir='ltr'><strong>Cfr.</strong></span> <span class='ocrx_word' id='word_1_219' title='bbox 393 2348 548 2389; x_wconf 78' lang='lat' dir='ltr'><strong>Jerem.</strong></span> <span class='ocrx_word' id='word_1_220' title='bbox 578 2348 734 2399; x_wconf 85' lang='lat' dir='ltr'>XXVI,</span> <span class='ocrx_word' id='word_1_221' title='bbox 763 2347 803 2393; x_wconf 86' lang='grc'><em>3.</em></span> 
     </span>
    </p>
   </div>
   <div class='ocr_carea' id='block_1_4' title="bbox 87 2414 1490 2793">
    <p class='ocr_par' dir='ltr' id='par_1_5' title="bbox 87 2414 1489 2531">
     <span class='ocr_line' id='line_1_30' title="bbox 202 2414 1489 2476; baseline 0.006 -21"><span class='ocrx_word' id='word_1_222' title='bbox 202 2414 246 2467; x_wconf 85' lang='grc'><em>2)</em></span> <span class='ocrx_word' id='word_1_223' title='bbox 276 2416 329 2456; x_wconf 89' lang='lat' dir='ltr'><em>H.</em></span> <span class='ocrx_word' id='word_1_224' title='bbox 360 2417 473 2457; x_wconf 85' lang='lat' dir='ltr'>solus</span> <span class='ocrx_word' id='word_1_225' title='bbox 512 2417 565 2458; x_wconf 85' lang='lat' dir='ltr'><em>ad</em></span> <span class='ocrx_word' id='word_1_226' title='bbox 592 2419 841 2472; x_wconf 79' lang='lat' dir='ltr'><strong>marginem.</strong></span> <span class='ocrx_word' id='word_1_227' title='bbox 881 2417 1015 2469; x_wconf 90' lang='lat' dir='ltr'>‚‚Cod.</span> <span class='ocrx_word' id='word_1_228' title='bbox 1047 2417 1294 2460; x_wconf 83' lang='lat' dir='ltr'>Vaticanus:</span> <span class='ocrx_word' id='word_1_229' title='bbox 1334 2417 1489 2476; x_wconf 75' lang='grc' dir='ltr'><em>ὀργὴν,</em></span> 
     </span>
     <span class='ocr_line' id='line_1_31' title="bbox 87 2469 385 2531; baseline 0.012 -18"><span class='ocrx_word' id='word_1_230' title='bbox 87 2469 150 2531; x_wconf 89' lang='grc' dir='ltr'><em>μὴ</em></span> <span class='ocrx_word' id='word_1_231' title='bbox 185 2470 385 2527; x_wconf 70' lang='grc' dir='ltr'><em>νόμιζε.ίς</em></span> 
     </span>
    </p>

    <p class='ocr_par' dir='ltr' id='par_1_6' title="bbox 90 2542 1490 2653">
     <span class='ocr_line' id='line_1_32' title="bbox 203 2542 1490 2599; baseline 0.005 -16"><span class='ocrx_word' id='word_1_232' title='bbox 203 2542 245 2596; x_wconf 88' lang='lat'><em>³)</em></span> <span class='ocrx_word' id='word_1_233' title='bbox 278 2542 330 2583; x_wconf 89' lang='lat' dir='ltr'><em>H.</em></span> <span class='ocrx_word' id='word_1_234' title='bbox 368 2544 481 2584; x_wconf 84' lang='lat' dir='ltr'><strong>solus</strong></span> <span class='ocrx_word' id='word_1_235' title='bbox 521 2545 573 2585; x_wconf 84' lang='lat' dir='ltr'><em>ad</em></span> <span class='ocrx_word' id='word_1_236' title='bbox 613 2546 862 2599; x_wconf 80' lang='lat' dir='ltr'>marginem:</span> <span class='ocrx_word' id='word_1_237' title='bbox 904 2544 1040 2596; x_wconf 84' lang='lat' dir='ltr'>‚‚Cod.</span> <span class='ocrx_word' id='word_1_238' title='bbox 1073 2544 1317 2587; x_wconf 71' lang='lat' dir='ltr'>Vaticanus:</span> <span class='ocrx_word' id='word_1_239' title='bbox 1364 2548 1490 2589; x_wconf 79' lang='grc' dir='ltr'><em>οἰκο-</em></span> 
     </span>
     <span class='ocr_line' id='line_1_33' title="bbox 90 2600 279 2653; baseline -0.011 -11"><span class='ocrx_word' id='word_1_240' title='bbox 90 2600 279 2653; x_wconf 85' lang='grc' dir='ltr'><em>νομία.“</em></span> 
     </span>
    </p>

    <p class='ocr_par' dir='ltr' id='par_1_7' title="bbox 205 2667 1116 2732">
     <span class='ocr_line' id='line_1_34' title="bbox 205 2667 1116 2732; baseline 0.011 -25"><span class='ocrx_word' id='word_1_241' title='bbox 205 2667 248 2723; x_wconf 74' lang='lat'><em>⁴)</em></span> <span class='ocrx_word' id='word_1_242' title='bbox 277 2668 330 2709; x_wconf 93' lang='lat' dir='ltr'><em>H.</em></span> <span class='ocrx_word' id='word_1_243' title='bbox 361 2669 476 2710; x_wconf 88' lang='lat' dir='ltr'>solus</span> <span class='ocrx_word' id='word_1_244' title='bbox 506 2668 548 2710; x_wconf 78' lang='lat' dir='ltr'><em>in</em></span> <span class='ocrx_word' id='word_1_245' title='bbox 579 2681 716 2712; x_wconf 82' lang='lat' dir='ltr'><strong>textu:</strong></span> <span class='ocrx_word' id='word_1_246' title='bbox 751 2669 1116 2732; x_wconf 67' lang='grc' dir='ltr'><em>,,ἒμφῄνωμενι“</em></span> 
     </span>
    </p>

    <p class='ocr_par' dir='ltr' id='par_1_8' title="bbox 204 2737 833 2793">
     <span class='ocr_line' id='line_1_35' title="bbox 204 2737 833 2793; baseline 0.011 -16"><span class='ocrx_word' id='word_1_247' title='bbox 204 2737 247 2793; x_wconf 82' lang='lat'><em>⁵)</em></span> <span class='ocrx_word' id='word_1_248' title='bbox 279 2738 363 2779; x_wconf 81' lang='lat' dir='ltr'>Cfr.</span> <span class='ocrx_word' id='word_1_249' title='bbox 391 2739 546 2781; x_wconf 87' lang='lat' dir='ltr'><strong>Jerem.</strong></span> <span class='ocrx_word' id='word_1_250' title='bbox 576 2741 736 2792; x_wconf 86' lang='lat' dir='ltr'>XVIII,</span> <span class='ocrx_word' id='word_1_251' title='bbox 769 2741 833 2786; x_wconf 88' lang='lat'><em>11.</em></span> 
     </span>
    </p>
   </div>
   <div class='ocr_carea' id='block_1_5' title="bbox 206 2805 1494 2871">
    <p class='ocr_par' dir='ltr' id='par_1_9' title="bbox 206 2805 1494 2871">
     <span class='ocr_line' id='line_1_36' title="bbox 206 2805 1494 2871; baseline 0.005 -22"><span class='ocrx_word' id='word_1_252' title='bbox 206 2808 248 2864; x_wconf 74' lang='lat'><em>⁶)</em></span> <span class='ocrx_word' id='word_1_253' title='bbox 277 2807 331 2851; x_wconf 90' lang='lat' dir='ltr'><em>H.</em></span> <span class='ocrx_word' id='word_1_254' title='bbox 357 2809 409 2850; x_wconf 85' lang='lat' dir='ltr'><em>ad</em></span> <span class='ocrx_word' id='word_1_255' title='bbox 427 2810 692 2865; x_wconf 80' lang='lat' dir='ltr'>marg.‚R.in</span> <span class='ocrx_word' id='word_1_256' title='bbox 710 2814 838 2856; x_wconf 73' lang='lat' dir='ltr'>notis:</span> <span class='ocrx_word' id='word_1_257' title='bbox 870 2812 1005 2866; x_wconf 79' lang='lat' dir='ltr'><strong>‚‚Cod.</strong></span> <span class='ocrx_word' id='word_1_258' title='bbox 1030 2813 1274 2858; x_wconf 75' lang='lat' dir='ltr'>Vaticanus:</span> <span class='ocrx_word' id='word_1_259' title='bbox 1303 2805 1494 2871; x_wconf 52' lang='lat' dir='ltr'><em>&amp;fraqast</em></span> 
     </span>
    </p>
   </div>
  </div>
 </body>
</html>
