1734 3112
211 56 267 98 54
512 54 733 95 Omossms
763 66 807 95 m
839 52 1021 96 CANTm.
1055 51 1357 95 Csmrlconum

215 180 350 218 taxat,
382 167 454 224 qui
484 166 637 224 jactant
666 167 709 208 in
738 166 932 209 Domino
966 164 1268 219 cogitationem
1297 182 1440 217 suam,
1484 180 1528 209 ut
1558 169 1648 225 ipse

219 262 290 286 eos
319 245 497 296 nutriat,
529 256 571 286 et
600 245 690 301 ipse
719 258 858 287 servet
888 244 1062 286 dolores
1091 254 1236 299 partus
1268 259 1440 295 corum,
1473 261 1568 288 cum
1599 263 1646 288 ex

218 323 372 366 timore
399 322 486 366 Dei
517 334 559 364 et
597 322 641 364 in
675 334 820 364 ventre
860 321 1156 380 conceperint,
1196 332 1239 364 et
1274 322 1569 379 parturierint,
1607 335 1650 366 et

218 401 416 459 spiritum
462 400 607 443 salutis
654 399 911 457 pepererint.
979 399 1239 458 Huiusmodi
1286 412 1430 457 partus
1477 401 1649 444 dolores

217 479 308 536 ipse
349 479 563 522 Dominus
602 491 740 521 servat
777 489 820 520 et
860 488 1002 521 curat.
1059 478 1145 521 Sed
1200 489 1242 521 et
1279 478 1436 522 emittit
1478 480 1650 523 dolores

219 574 382 609 eorum,
410 569 458 599 ut
479 562 634 599 'euntes
665 568 773 608 eant,
801 568 842 599 et
871 556 1013 607 fleant,
1050 567 1268 613 portantes
1300 556 1460 600 semina
1490 574 1576 609 sua,
1609 571 1651 600 et

219 636 301 678 sint
336 635 381 677 in
419 635 641 677 doloribus
679 634 924 686 hominum,
968 650 1015 676 ac
1044 634 1311 689 flagellentur
1341 651 1437 676 cum
1467 635 1653 678 homini-

219 717 312 766 bus,
340 731 394 757 ne
424 716 537 758 forte
566 725 707 756 teneat
738 730 810 755 eos
840 712 1051 771 superbia.
1110 712 1186 755 Isti
1217 728 1387 770 quoque
1425 714 1507 770 ipsi
1539 714 1652 757 cervi

218 795 491 850 abrumpunt,
521 804 569 834 ut
598 792 676 843 ait,
705 803 826 834 natos
855 808 966 834 suos.
1028 790 1150 846 Quos
1183 788 1297 832 enim
1326 791 1547 844 genuerint
1575 809 1653 849 per

218 871 518 925 Evangelium,
557 871 815 927 abrumpunt
853 886 925 913 eos
955 887 979 913 a
1009 868 1187 912 vinculis
1218 880 1516 926 peccatorum,
1556 871 1654 927 et¹)

220 966 243 992 a
274 949 435 1007 laqueis
467 948 643 999 diaboli,
679 964 732 991 ne
762 949 874 991 ultra
902 947 1115 990 voluntati
1147 964 1297 990 eorum
1325 959 1549 991 teneantur
1579 950 1655 991 ob-

220 1028 368 1071 stricti.
429 1028 505 1070 Isti
535 1027 662 1070 etiam
691 1027 1105 1085 multiplicabuntur,
1137 1038 1200 1078 et,
1230 1038 1278 1067 ut
1307 1026 1387 1078 ait,
1416 1028 1560 1086 non2)
1591 1044 1657 1070 re·

222 1117 451 1149 vertentur.
510 1107 611 1148 Non
651 1105 764 1148 enim
804 1105 1083 1148 imitabuntur
1121 1121 1299 1147 uxorem
1336 1105 1528 1163 Loth3),
1567 1122 1655 1148 non

219 1185 423 1227 redibunt
451 1196 696 1227 retrorsum.
757 1184 909 1227 Sciunt
939 1184 1076 1233 enim,
1121 1183 1217 1241 quia
1249 1183 1321 1241 qui
1350 1184 1537 1241 mittit²)
1567 1201 1655 1227 ma-

222 1280 327 1306 num
355 1280 473 1306 suam
512 1264 565 1306 ad
595 1274 803 1314 aratrum,
849 1262 884 1304 si
922 1262 1250 1319 retrospexerit,
1293 1274 1415 1319 aptus
1451 1279 1538 1305 non
1578 1263 1658 1306 erit

220 1356 352 1394 regno
385 1341 628 1383 coelorum:
659 1341 734 1383 sed
764 1356 946 1397 semper,
981 1357 1087 1398 quae
1118 1353 1232 1384 retro
1256 1351 1367 1391 sunt,
1400 1339 1657 1383 obliviscun-

222 1430 311 1469 tur,
354 1430 396 1460 et
435 1418 478 1460 in
518 1435 590 1470 ea,
631 1435 737 1476 quae
778 1430 873 1460 ante
909 1435 952 1459 se
992 1431 1109 1471 sunt,
1148 1436 1193 1461 se
1231 1419 1473 1462 extendunt.
1533 1419 1658 1462 Tales

224 1497 339 1539 enim
367 1514 513 1539 cervos
544 1514 626 1539 vox
656 1497 838 1539 Domini
866 1498 968 1540 facit
1007 1514 1094 1540 esse
1124 1499 1353 1556 perfectos.
1415 1496 1537 1552 Quae
1577 1514 1659 1541 vox

225 1575 403 1627 domini,
432 1575 514 1618 nisi
543 1576 632 1626 illa,
666 1592 772 1633 quae
802 1576 846 1617 in
877 1576 968 1631 lege
1001 1589 1042 1619 et
1073 1577 1115 1619 in
1145 1576 1366 1634 prophetis
1396 1576 1586 1628 habetur,
1619 1589 1660 1618 et

223 1652 418 1710 pervenit
446 1670 580 1710 usque
611 1655 665 1696 ad
693 1654 925 1707 Joannem,
964 1655 1037 1714 qui
1076 1666 1164 1697 erat
1195 1671 1277 1697 vox
1293 1654 1335 1711 ⁵)
1367 1654 1585 1697 clamantis
1614 1655 1659 1696 in

227 1731 424 1774 deserto?
481 1730 538 1772 Et
578 1731 668 1788 ipsa
700 1733 813 1775 enim
844 1750 925 1775 vox
965 1735 1165 1786 Joannis,
1206 1733 1278 1791 qui
1314 1732 1501 1775 dicebat:
1548 1749 1659 1790 „pa-

225 1821 313 1852 rate
330 1810 371 1867 6)
412 1808 524 1851 viam
553 1809 757 1861 Domini,
806 1823 939 1854 rectas
977 1811 1103 1853 facite
1146 1810 1314 1854 semitas
1343 1811 1428 1853 Dei
1468 1810 1659 1854 nostri:“

225 1888 441 1946 perfectos
487 1887 669 1947 facieba-t
717 1905 886 1942 cervos,
936 1902 984 1932 ut
1025 1902 1161 1932 essent
1200 1888 1381 1946 perfecti
1420 1888 1660 1931 in‘eodem

224 1982 370 2020 sensu,
412 1979 453 2008 et
482 1966 526 2008 in
557 1968 706 2009 eadem
734 1967 922 2011 scientia.
986 1967 1075 2024 Qui
1105 1968 1217 2010 enim
1247 1966 1343 2010 talis
1374 1978 1456 2017 est,
1502 1967 1657 2008 merito

225 2043 349 2089 dicit:
390 2044 591 2100 ‚‚sicut⁷)
625 2061 772 2088 cervus
813 2045 1024 2088 desiderat
1060 2047 1114 2088 ad
1157 2047 1297 2088 fontes
1336 2061 1561 2103 aquarum,
1601 2044 1659 2087 ita

227 2123 437 2166 desiderat
467 2122 605 2165 anima
633 2140 729 2166 mea
758 2124 812 2166 ad
840 2135 905 2175 te,
934 2124 1066 2167 Deus.
1079 2130 1104 2150 “
1164 2124 1247 2167 Ce1
1251 2141 1325 2166 vus
1355 2139 1527 2180 quoque
1558 2123 1660 2165 ami-

226 2202 420 2246 citiarum
462 2202 553 2260 quis
591 2201 697 2244 alius
736 2201 952 2244 videbitur
987 2202 1069 2245 nisi
1106 2203 1204 2254 ille,
1251 2202 1323 2261 qui
1361 2202 1546 2260 peremit
1574 2218 1658 2244 ser-

225 2293 400 2338 pentem
429 2281 568 2333 illum,
599 2280 672 2338 qui
701 2281 921 2323 seduxerat
947 2280 1105 2334 Evam,
1137 2294 1177 2324 et
1210 2262 1370 2339 eloquii
1401 2280 1465 2323 sui
1492 2280 1658 2324 flatibus

346 2479 388 2536 ¹)
417 2479 552 2520 Deest
581 2484 697 2530 ‚,et“
725 2479 770 2521 in
801 2480 895 2522 edd.
927 2480 989 2522 M.

343 2550 387 2607 ²)
418 2549 552 2591 Deest
581 2556 741 2600 „n0n“
769 2550 814 2591 in
845 2551 939 2593 edd.
972 2551 1034 2593 M.

343 2619 387 2674 ³)
420 2619 506 2662 Cfr.
539 2619 646 2662 Gen.
676 2620 796 2662 XIX.
916 2622 960 2678 ⁴)
993 2621 1079 2664 Cfr.
1113 2623 1213 2665 Luc.
1244 2623 1329 2674 IX,
1360 2621 1426 2666 62.

345 2691 388 2748 ⁵)
417 2691 572 2737 Matth.
601 2691 689 2742 III,
717 2690 756 2735 3.
791 2692 889 2734 coll.
921 2690 1044 2734 Jesai.
1075 2693 1174 2744 XL,
1209 2693 1249 2738 3.

344 2762 390 2819 ⁶)
417 2761 569 2803 Matth.
601 2761 690 2812 III,
720 2759 758 2805 3.
791 2763 891 2805 coll.
921 2762 1045 2806 Jesai.
1076 2763 1176 2814 XL,
1205 2762 1244 2808 3.

346 2833 390 2889 7)
419 2831 572 2878 Psalm.
603 2831 747 2884 XLII,
779 2832 815 2877 1,
