<?xml version="1.0" encoding="UTF-8"?>
<!DOCTYPE html PUBLIC "-//W3C//DTD XHTML 1.0 Transitional//EN"
    "http://www.w3.org/TR/xhtml1/DTD/xhtml1-transitional.dtd">
<html xmlns="http://www.w3.org/1999/xhtml" xml:lang="en" lang="en">
 <head>
  <title>
</title>
<meta http-equiv="Content-Type" content="text/html;charset=utf-8" />
  <meta name='ocr-system' content='tesseract 3.04.00' />
  <meta name='ocr-capabilities' content='ocr_page ocr_carea ocr_par ocr_line ocrx_word'/>
</head>
<body>
  <div class='ocr_page' id='page_1' title='image "./operaomniaquaegr15orig/operaomniaquaegr15orig_0109.png"; bbox 0 0 1734 3112; ppageno 0'>
   <div class='ocr_carea' id='block_1_1' title="bbox 383 105 1500 150">
    <p class='ocr_par' dir='ltr' id='par_1_1' title="bbox 383 105 1500 150">
     <span class='ocr_line' id='line_1_1' title="bbox 383 105 1500 150; baseline 0 0"><span class='ocrx_word' id='word_1_1' title='bbox 383 108 449 150; x_wconf 83' lang='lat' dir='ltr'><em>Ex</em></span> <span class='ocrx_word' id='word_1_2' title='bbox 478 107 610 150; x_wconf 71' lang='lat' dir='ltr'>Omss.</span> <span class='ocrx_word' id='word_1_3' title='bbox 642 118 690 148; x_wconf 77' lang='lat' dir='ltr'><strong>m</strong></span> <span class='ocrx_word' id='word_1_4' title='bbox 716 105 849 148; x_wconf 76' lang='lat' dir='ltr'>CANT.</span> <span class='ocrx_word' id='word_1_5' title='bbox 877 105 1192 148; x_wconf 79' lang='lat' dir='ltr'><strong>CANTICORUM.</strong></span> <span class='ocrx_word' id='word_1_6' title='bbox 1445 106 1500 150; x_wconf 84' lang='lat'><em>95</em></span> 
     </span>
    </p>
   </div>
   <div class='ocr_carea' id='block_1_2' title="bbox 80 209 1502 505">
    <p class='ocr_par' dir='ltr' id='par_1_2' title="bbox 80 209 1502 505">
     <span class='ocr_line' id='line_1_2' title="bbox 80 209 1501 278; baseline -0.003 -13"><span class='ocrx_word' id='word_1_7' title='bbox 80 218 277 278; x_wconf 78' lang='grc' dir='ltr'><em>,,ῦ’ψη·“</em></span> <span class='ocrx_word' id='word_1_8' title='bbox 319 209 357 277; x_wconf 71' lang='grc' dir='ltr'><em>ᾧ</em></span> <span class='ocrx_word' id='word_1_9' title='bbox 393 218 640 262; x_wconf 76' lang='grc' dir='ltr'><em>ἀκολουθεῖ</em></span> <span class='ocrx_word' id='word_1_10' title='bbox 678 215 760 260; x_wconf 88' lang='grc' dir='ltr'><em>τὸν</em></span> <span class='ocrx_word' id='word_1_11' title='bbox 805 214 922 276; x_wconf 82' lang='grc' dir='ltr'><em>ὑπὲρ</em></span> <span class='ocrx_word' id='word_1_12' title='bbox 958 214 1036 265; x_wconf 74' lang='grc' dir='ltr'><em>τὰς</em></span> <span class='ocrx_word' id='word_1_13' title='bbox 1073 214 1281 266; x_wconf 74' lang='grc' dir='ltr'><em>ἐπάλξεις</em></span> <span class='ocrx_word' id='word_1_14' title='bbox 1318 217 1501 275; x_wconf 83' lang='grc' dir='ltr'><em>πύργον</em></span> 
     </span>
     <span class='ocr_line' id='line_1_3' title="bbox 81 285 1498 353; baseline -0.004 -10"><span class='ocrx_word' id='word_1_15' title='bbox 81 294 198 343; x_wconf 83' lang='grc' dir='ltr'><em>εἶναι</em></span> <span class='ocrx_word' id='word_1_16' title='bbox 227 295 308 352; x_wconf 89' lang='grc' dir='ltr'><em>τὴν</em></span> <span class='ocrx_word' id='word_1_17' title='bbox 346 298 544 353; x_wconf 77' lang='grc' dir='ltr'><em>σοφίαν,</em></span> <span class='ocrx_word' id='word_1_18' title='bbox 588 285 639 349; x_wconf 77' lang='grc' dir='ltr'><em>ἧς</em></span> <span class='ocrx_word' id='word_1_19' title='bbox 667 291 835 351; x_wconf 82' lang='grc' dir='ltr'><em>ὁμοίως</em></span> <span class='ocrx_word' id='word_1_20' title='bbox 863 289 1098 352; x_wconf 72' lang='grc' dir='ltr'><em>ἤρτηνται,</em></span> <span class='ocrx_word' id='word_1_21' title='bbox 1140 294 1356 351; x_wconf 61' lang='grc' dir='ltr'><em>θυρεοὶῐ)</em></span> <span class='ocrx_word' id='word_1_22' title='bbox 1396 296 1498 351; x_wconf 82' lang='grc' dir='ltr'><em>μὲν,</em></span> 
     </span>
     <span class='ocr_line' id='line_1_4' title="bbox 83 367 1502 428; baseline -0.002 -10"><span class='ocrx_word' id='word_1_23' title='bbox 83 374 140 418; x_wconf 82' lang='grc' dir='ltr'><em>τὰ</em></span> <span class='ocrx_word' id='word_1_24' title='bbox 169 374 504 427; x_wconf 77' lang='grc' dir='ltr'><em>πεπιστευμένα</em></span> <span class='ocrx_word' id='word_1_25' title='bbox 535 367 770 427; x_wconf 89' lang='grc' dir='ltr'><em>δόγματα,</em></span> <span class='ocrx_word' id='word_1_26' title='bbox 814 367 930 428; x_wconf 71' lang='grc' dir='ltr'><em>ὅπερ</em></span> <span class='ocrx_word' id='word_1_27' title='bbox 971 367 1098 414; x_wconf 83' lang='grc' dir='ltr'><em>εἶπεν</em></span> <span class='ocrx_word' id='word_1_28' title='bbox 1137 371 1294 420; x_wconf 78' lang='grc' dir='ltr'><em>ἑνικῶς</em></span> <span class='ocrx_word' id='word_1_29' title='bbox 1325 370 1348 415; x_wconf 85' lang='grc' dir='ltr'>ὁ</span> <span class='ocrx_word' id='word_1_30' title='bbox 1376 369 1502 415; x_wconf 74' lang='grc' dir='ltr'><em>ἀπό-</em></span> 
     </span>
     <span class='ocr_line' id='line_1_5' title="bbox 83 446 1502 505; baseline -0.002 -11"><span class='ocrx_word' id='word_1_31' title='bbox 83 454 238 498; x_wconf 90' lang='grc' dir='ltr'><em>στολος</em></span> <span class='ocrx_word' id='word_1_32' title='bbox 267 446 471 505; x_wconf 73' lang='grc' dir='ltr'><em>,,θυρεόν</em></span> <span class='ocrx_word' id='word_1_33' title='bbox 488 449 818 504; x_wconf 69' lang='grc' dir='ltr'><em>2)’πίστεως·“</em></span> <span class='ocrx_word' id='word_1_34' title='bbox 849 449 1062 503; x_wconf 77' lang='grc' dir='ltr'><em>,,βολίδες</em></span> <span class='ocrx_word' id='word_1_35' title='bbox 1078 448 1120 505; x_wconf 80' lang='lat'><em>3)</em></span> <span class='ocrx_word' id='word_1_36' title='bbox 1153 448 1203 492; x_wconf 83' lang='grc' dir='ltr'><em>δὲ</em></span> <span class='ocrx_word' id='word_1_37' title='bbox 1233 451 1324 492; x_wconf 91' lang='grc' dir='ltr'><em>τῶν</em></span> <span class='ocrx_word' id='word_1_38' title='bbox 1354 449 1502 492; x_wconf 87' lang='grc' dir='ltr'><em>δυνα-</em></span> 
     </span>
    </p>
   </div>
   <div class='ocr_carea' id='block_1_3' title="bbox 208 528 237 549">
    <p class='ocr_par' dir='ltr' id='par_1_3' title="bbox 208 528 237 549">
     <span class='ocr_line' id='line_1_6' title="bbox 208 528 237 549; baseline 0 0"><span class='ocrx_word' id='word_1_39' title='bbox 208 528 237 549; x_wconf 75' lang='lat'><em>&lt;6</em></span> 
     </span>
    </p>
   </div>
   <div class='ocr_carea' id='block_1_4' title="bbox 81 522 1502 582">
    <p class='ocr_par' dir='ltr' id='par_1_4' title="bbox 81 522 1502 582">
     <span class='ocr_line' id='line_1_7' title="bbox 81 522 1502 582; baseline -0.002 -11"><span class='ocrx_word' id='word_1_40' title='bbox 81 531 193 582; x_wconf 83' lang='grc' dir='ltr'><em>τῶν,</em></span> <span class='ocrx_word' id='word_1_41' title='bbox 277 527 320 569; x_wconf 81' lang='grc' dir='ltr'><em>οἱ</em></span> <span class='ocrx_word' id='word_1_42' title='bbox 360 526 562 573; x_wconf 89' lang='grc' dir='ltr'><em>δυνατῶς</em></span> <span class='ocrx_word' id='word_1_43' title='bbox 603 523 930 581; x_wconf 79' lang='grc' dir='ltr'><em>ἀνατρέποντες</em></span> <span class='ocrx_word' id='word_1_44' title='bbox 975 522 1107 582; x_wconf 90' lang='grc' dir='ltr'><em>λόγοι</em></span> <span class='ocrx_word' id='word_1_45' title='bbox 1152 528 1242 568; x_wconf 84' lang='grc' dir='ltr'><em>τῶν</em></span> <span class='ocrx_word' id='word_1_46' title='bbox 1281 527 1502 569; x_wconf 88' lang='grc' dir='ltr'><em>ἐναντίων</em></span> 
     </span>
    </p>
   </div>
   <div class='ocr_carea' id='block_1_5' title="bbox 79 599 1500 659">
    <p class='ocr_par' dir='ltr' id='par_1_5' title="bbox 79 599 1500 659">
     <span class='ocr_line' id='line_1_8' title="bbox 79 599 1500 659; baseline -0.002 -12"><span class='ocrx_word' id='word_1_47' title='bbox 79 607 156 659; x_wconf 88' lang='grc' dir='ltr'><em>τῆς</em></span> <span class='ocrx_word' id='word_1_48' title='bbox 193 602 408 657; x_wconf 70' lang='grc' dir='ltr'><em>ἀληθείας</em></span> <span class='ocrx_word' id='word_1_49' title='bbox 447 599 527 656; x_wconf 86' lang='grc' dir='ltr'><em>τὴν</em></span> <span class='ocrx_word' id='word_1_50' title='bbox 565 599 864 656; x_wconf 76' lang='grc' dir='ltr'><em>πιθανότητα.</em></span> <span class='ocrx_word' id='word_1_51' title='bbox 931 601 1051 645; x_wconf 78' lang='grc' dir='ltr'><em>’.Αντὶ</em></span> <span class='ocrx_word' id='word_1_52' title='bbox 1089 602 1139 645; x_wconf 79' lang='grc' dir='ltr'><em>δὲ</em></span> <span class='ocrx_word' id='word_1_53' title='bbox 1170 606 1275 646; x_wconf 89' lang='grc' dir='ltr'><em>τοῦ·</em></span> <span class='ocrx_word' id='word_1_54' title='bbox 1322 601 1500 657; x_wconf 57' lang='lat' dir='ltr'><em>„gma-</em></span> 
     </span>
    </p>
   </div>
   <div class='ocr_carea' id='block_1_6' title="bbox 543 677 1503 735">
    <p class='ocr_par' dir='ltr' id='par_1_6' title="bbox 543 677 1503 735">
     <span class='ocr_line' id='line_1_9' title="bbox 543 677 1503 735; baseline 0.002 -14"><span class='ocrx_word' id='word_1_55' title='bbox 543 679 554 700; x_wconf 85' lang='lat'>‘</span> <span class='ocrx_word' id='word_1_56' title='bbox 594 679 846 724; x_wconf 73' lang='grc' dir='ltr'><em>ἐκδέδωκεν</em></span> <span class='ocrx_word' id='word_1_57' title='bbox 886 677 912 734; x_wconf 82' lang='grc' dir='ltr'>ἡ</span> <span class='ocrx_word' id='word_1_58' title='bbox 954 682 1137 735; x_wconf 78' lang='grc' dir='ltr'><em>πέμπτη</em></span> <span class='ocrx_word' id='word_1_59' title='bbox 1178 680 1378 733; x_wconf 74' lang='grc' dir='ltr'><em>ἕκδοσις,</em></span> <span class='ocrx_word' id='word_1_60' title='bbox 1422 677 1503 723; x_wconf 84' lang='grc' dir='ltr'><em>τὸν</em></span> 
     </span>
    </p>
   </div>
   <div class='ocr_carea' id='block_1_7' title="bbox 79 676 1504 1010">
    <p class='ocr_par' dir='ltr' id='par_1_7' title="bbox 79 676 1504 955">
     <span class='ocr_line' id='line_1_10' title="bbox 80 676 536 733; baseline -0.007 -10"><span class='ocrx_word' id='word_1_61' title='bbox 80 682 236 730; x_wconf 79' lang='grc' dir='ltr'><em>ξεις·“</em></span> <span class='ocrx_word' id='word_1_62' title='bbox 284 676 536 733; x_wconf 74' lang='grc' dir='ltr'><em>,,ἐντολιὶςς</em></span> 
     </span>
     <span class='ocr_line' id='line_1_11' title="bbox 79 751 1504 815; baseline -0.001 -14"><span class='ocrx_word' id='word_1_63' title='bbox 79 760 192 802; x_wconf 89' lang='grc' dir='ltr'><em>νοῦν</em></span> <span class='ocrx_word' id='word_1_64' title='bbox 219 759 401 813; x_wconf 80' lang='grc' dir='ltr'><em>μᾶλλον</em></span> <span class='ocrx_word' id='word_1_65' title='bbox 438 751 466 810; x_wconf 84' lang='grc' dir='ltr'><em>ἢ</em></span> <span class='ocrx_word' id='word_1_66' title='bbox 503 753 583 811; x_wconf 83' lang='grc' dir='ltr'><em>τὴν</em></span> <span class='ocrx_word' id='word_1_67' title='bbox 620 759 741 805; x_wconf 77' lang='grc' dir='ltr'><em>λέξιν</em></span> <span class='ocrx_word' id='word_1_68' title='bbox 779 753 1104 812; x_wconf 79' lang='grc' dir='ltr'><em>ἑρμηνεύουσα.</em></span> <span class='ocrx_word' id='word_1_69' title='bbox 1175 755 1257 811; x_wconf 61' lang='lat' dir='ltr'><em>wli]</em></span> <span class='ocrx_word' id='word_1_70' title='bbox 1288 772 1504 815; x_wconf 90' lang='grc' dir='ltr'><em>προαπο-</em></span> 
     </span>
     <span class='ocr_line' id='line_1_12' title="bbox 80 831 1504 891; baseline -0.001 -13"><span class='ocrx_word' id='word_1_71' title='bbox 80 837 301 891; x_wconf 87' lang='grc' dir='ltr'><em>κειμένων</em></span> <span class='ocrx_word' id='word_1_72' title='bbox 328 831 421 890; x_wconf 78' lang='grc' dir='ltr'><em>γαρ</em></span> <span class='ocrx_word' id='word_1_73' title='bbox 452 833 662 889; x_wconf 86' lang='grc' dir='ltr'><em>ἐντολῶν,</em></span> <span class='ocrx_word' id='word_1_74' title='bbox 697 835 1059 890; x_wconf 74' lang='grc' dir='ltr'><em>οἰκοδομηθῆναι</em></span> <span class='ocrx_word' id='word_1_75' title='bbox 1088 831 1170 888; x_wconf 90' lang='grc' dir='ltr'><em>τὴν</em></span> <span class='ocrx_word' id='word_1_76' title='bbox 1200 833 1348 889; x_wconf 76' lang='grc' dir='ltr'><em>ψευδῆ</em></span> <span class='ocrx_word' id='word_1_77' title='bbox 1377 835 1504 889; x_wconf 85' lang='grc' dir='ltr'><em>γνῶ-</em></span> 
     </span>
     <span class='ocr_line' id='line_1_13' title="bbox 80 907 425 955; baseline -0.009 0"><span class='ocrx_word' id='word_1_78' title='bbox 80 927 154 955; x_wconf 91' lang='grc' dir='ltr'><em>σιν</em></span> <span class='ocrx_word' id='word_1_79' title='bbox 183 907 425 954; x_wconf 83' lang='grc' dir='ltr'><em>ἀδύνατον.</em></span> 
     </span>
    </p>

    <p class='ocr_par' dir='ltr' id='par_1_8' title="bbox 1138 988 1167 1010">
     <span class='ocr_line' id='line_1_14' title="bbox 1138 988 1167 1010; baseline 0 0"><span class='ocrx_word' id='word_1_80' title='bbox 1138 988 1167 1010; x_wconf 71' lang='grc' dir='ltr'><em>(ί</em></span> 
     </span>
    </p>
   </div>
   <div class='ocr_carea' id='block_1_8' title="bbox 80 984 1507 1354">
    <p class='ocr_par' dir='ltr' id='par_1_9' title="bbox 80 984 1507 1354">
     <span class='ocr_line' id='line_1_15' title="bbox 191 984 1503 1044; baseline 0.001 -14"><span class='ocrx_word' id='word_1_81' title='bbox 191 985 383 1043; x_wconf 71' lang='lat' dir='ltr'><em>„A150⁴)</em></span> <span class='ocrx_word' id='word_1_82' title='bbox 421 992 593 1042; x_wconf 91' lang='grc' dir='ltr'><em>μαστοί</em></span> <span class='ocrx_word' id='word_1_83' title='bbox 628 1002 711 1031; x_wconf 89' lang='grc' dir='ltr'><em>σου</em></span> <span class='ocrx_word' id='word_1_84' title='bbox 743 985 802 1036; x_wconf 83' lang='grc' dir='ltr'><em>ὠς</em></span> <span class='ocrx_word' id='word_1_85' title='bbox 842 984 926 1030; x_wconf 83' lang='grc' dir='ltr'><em>δύο</em></span> <span class='ocrx_word' id='word_1_86' title='bbox 968 992 1131 1043; x_wconf 81' lang='grc' dir='ltr'><em>νεβροί.</em></span> <span class='ocrx_word' id='word_1_87' title='bbox 1233 985 1295 1031; x_wconf 86' lang='grc' dir='ltr'><em>Τὸ</em></span> <span class='ocrx_word' id='word_1_88' title='bbox 1327 985 1503 1044; x_wconf 85' lang='grc' dir='ltr'><em>ἡγεμο-</em></span> 
     </span>
     <span class='ocr_line' id='line_1_16' title="bbox 81 1060 1504 1123; baseline 0 -16"><span class='ocrx_word' id='word_1_89' title='bbox 81 1062 209 1108; x_wconf 86' lang='grc' dir='ltr'><em>νικὸν</em></span> <span class='ocrx_word' id='word_1_90' title='bbox 239 1062 299 1113; x_wconf 81' lang='grc' dir='ltr'><em>ὠς</em></span> <span class='ocrx_word' id='word_1_91' title='bbox 329 1065 406 1107; x_wconf 85' lang='grc' dir='ltr'><em>ἐπὶ</em></span> <span class='ocrx_word' id='word_1_92' title='bbox 437 1060 621 1122; x_wconf 68' lang='grc' dir='ltr'><em>νύμφης</em></span> <span class='ocrx_word' id='word_1_93' title='bbox 649 1069 844 1121; x_wconf 87' lang='grc' dir='ltr'><em>μαστοί·</em></span> <span class='ocrx_word' id='word_1_94' title='bbox 881 1063 993 1121; x_wconf 78' lang='grc' dir='ltr'><em>ὅπερ</em></span> <span class='ocrx_word' id='word_1_95' title='bbox 1025 1065 1148 1107; x_wconf 88' lang='grc' dir='ltr'><em>ἐστὶν</em></span> <span class='ocrx_word' id='word_1_96' title='bbox 1179 1063 1504 1123; x_wconf 81' lang='grc' dir='ltr'><em>ὀξυδερκέστα-</em></span> 
     </span>
     <span class='ocr_line' id='line_1_17' title="bbox 81 1139 1507 1202; baseline -0.001 -17"><span class='ocrx_word' id='word_1_97' title='bbox 81 1158 171 1185; x_wconf 90' lang='grc' dir='ltr'><em>τον.</em></span> <span class='ocrx_word' id='word_1_98' title='bbox 229 1139 404 1199; x_wconf 78' lang='grc' dir='ltr'><em>Διόπερ</em></span> <span class='ocrx_word' id='word_1_99' title='bbox 436 1145 588 1186; x_wconf 87' lang='grc' dir='ltr'><em>εἴκασε</em></span> <span class='ocrx_word' id='word_1_100' title='bbox 629 1141 714 1186; x_wconf 81' lang='grc' dir='ltr'><em>δύο</em></span> <span class='ocrx_word' id='word_1_101' title='bbox 755 1148 933 1199; x_wconf 84' lang='grc' dir='ltr'><em>νεβροῖς</em></span> <span class='ocrx_word' id='word_1_102' title='bbox 972 1140 1198 1200; x_wconf 78' lang='grc' dir='ltr'><em>δορκάδος</em></span> <span class='ocrx_word' id='word_1_103' title='bbox 1235 1146 1507 1202; x_wconf 84' lang='grc' dir='ltr'><em>νεμομένοις</em></span> 
     </span>
     <span class='ocr_line' id='line_1_18' title="bbox 81 1216 1505 1277; baseline 0 -15"><span class='ocrx_word' id='word_1_104' title='bbox 81 1219 132 1262; x_wconf 89' lang='grc' dir='ltr'><em>ἐν</em></span> <span class='ocrx_word' id='word_1_105' title='bbox 162 1216 343 1277; x_wconf 75' lang='grc' dir='ltr'><em>ὡραίοις</em></span> <span class='ocrx_word' id='word_1_106' title='bbox 370 1216 526 1267; x_wconf 88' lang='grc' dir='ltr'><em>τόποις</em></span> <span class='ocrx_word' id='word_1_107' title='bbox 569 1221 648 1261; x_wconf 89' lang='grc' dir='ltr'><em>καὶ</em></span> <span class='ocrx_word' id='word_1_108' title='bbox 688 1217 896 1274; x_wconf 81' lang='grc' dir='ltr'><em>εὐώδεσι,</em></span> <span class='ocrx_word' id='word_1_109' title='bbox 938 1224 1175 1277; x_wconf 80' lang='grc' dir='ltr'><em>σημαίνων</em></span> <span class='ocrx_word' id='word_1_110' title='bbox 1204 1217 1257 1262; x_wconf 78' lang='grc' dir='ltr'><em>τά</em></span> <span class='ocrx_word' id='word_1_111' title='bbox 1290 1236 1336 1264; x_wconf 91' lang='grc' dir='ltr'><em>τε</em></span> <span class='ocrx_word' id='word_1_112' title='bbox 1366 1217 1505 1274; x_wconf 83' lang='grc' dir='ltr'><em>νοητὰ</em></span> 
     </span>
     <span class='ocr_line' id='line_1_19' title="bbox 80 1293 1506 1354; baseline 0.001 -16"><span class='ocrx_word' id='word_1_113' title='bbox 80 1297 158 1338; x_wconf 87' lang='grc' dir='ltr'><em>καὶ</em></span> <span class='ocrx_word' id='word_1_114' title='bbox 197 1293 407 1350; x_wconf 77' lang='grc' dir='ltr'><em>αἷσθητά.</em></span> <span class='ocrx_word' id='word_1_115' title='bbox 477 1295 684 1353; x_wconf 77' lang='grc' dir='ltr'><em>Νεβρούς</em></span> <span class='ocrx_word' id='word_1_116' title='bbox 723 1297 790 1340; x_wconf 89' lang='grc' dir='ltr'><em>δέ·</em></span> <span class='ocrx_word' id='word_1_117' title='bbox 840 1295 996 1350; x_wconf 89' lang='grc' dir='ltr'><em>ἐπειδὴ</em></span> <span class='ocrx_word' id='word_1_118' title='bbox 1039 1299 1124 1340; x_wconf 92' lang='grc' dir='ltr'><em>νῦν</em></span> <span class='ocrx_word' id='word_1_119' title='bbox 1162 1297 1302 1353; x_wconf 74' lang='grc' dir='ltr'><em>,,ἐκ5)</em></span> <span class='ocrx_word' id='word_1_120' title='bbox 1339 1299 1506 1354; x_wconf 78' lang='grc' dir='ltr'><em>μέρους</em></span> 
     </span>
    </p>
   </div>
   <div class='ocr_carea' id='block_1_9' title="bbox 80 1369 424 1429">
    <p class='ocr_par' dir='ltr' id='par_1_10' title="bbox 80 1369 424 1429">
     <span class='ocr_line' id='line_1_20' title="bbox 80 1369 424 1429; baseline 0 -14"><span class='ocrx_word' id='word_1_121' title='bbox 80 1369 424 1429; x_wconf 79' lang='grc' dir='ltr'><em>γινώσκομεν,“</em></span> 
     </span>
    </p>
   </div>
   <div class='ocr_carea' id='block_1_10' title="bbox 79 1371 1510 2358">
    <p class='ocr_par' dir='ltr' id='par_1_11' title="bbox 79 1371 1506 1738">
     <span class='ocr_line' id='line_1_21' title="bbox 459 1371 1506 1432; baseline 0.001 -17"><span class='ocrx_word' id='word_1_122' title='bbox 459 1371 569 1416; x_wconf 82' lang='grc' dir='ltr'><em>ὅταν</em></span> <span class='ocrx_word' id='word_1_123' title='bbox 598 1375 648 1417; x_wconf 80' lang='grc' dir='ltr'><em>δὲ</em></span> <span class='ocrx_word' id='word_1_124' title='bbox 676 1376 725 1417; x_wconf 78' lang='grc' dir='ltr'><em>τὸ</em></span> <span class='ocrx_word' id='word_1_125' title='bbox 756 1376 879 1421; x_wconf 83' lang='grc' dir='ltr'><em>τέλος</em></span> <span class='ocrx_word' id='word_1_126' title='bbox 910 1374 1041 1432; x_wconf 76' lang='grc' dir='ltr'><em>ἔλθῃ,</em></span> <span class='ocrx_word' id='word_1_127' title='bbox 1074 1376 1396 1431; x_wconf 77' lang='grc' dir='ltr'><em>καταργοῦμεν</em></span> <span class='ocrx_word' id='word_1_128' title='bbox 1422 1371 1506 1428; x_wconf 82' lang='grc' dir='ltr'><em>τὴν</em></span> 
     </span>
     <span class='ocr_line' id='line_1_22' title="bbox 79 1446 1504 1509; baseline 0 -16"><span class='ocrx_word' id='word_1_129' title='bbox 79 1446 350 1505; x_wconf 84' lang='grc' dir='ltr'><em>νηπιότητα·</em></span> <span class='ocrx_word' id='word_1_130' title='bbox 393 1446 502 1492; x_wconf 83' lang='grc' dir='ltr'><em>ὅταν</em></span> <span class='ocrx_word' id='word_1_131' title='bbox 539 1449 562 1494; x_wconf 88' lang='grc' dir='ltr'>ὁ</span> <span class='ocrx_word' id='word_1_132' title='bbox 604 1447 790 1493; x_wconf 82' lang='grc' dir='ltr'><em>καύσων</em></span> <span class='ocrx_word' id='word_1_133' title='bbox 825 1452 905 1493; x_wconf 88' lang='grc' dir='ltr'><em>τοῦ</em></span> <span class='ocrx_word' id='word_1_134' title='bbox 936 1448 1160 1509; x_wconf 84' lang='grc' dir='ltr'><em>παρόντος</em></span> <span class='ocrx_word' id='word_1_135' title='bbox 1188 1454 1291 1505; x_wconf 85' lang='grc' dir='ltr'><em>βίου</em></span> <span class='ocrx_word' id='word_1_136' title='bbox 1320 1447 1504 1505; x_wconf 84' lang='grc' dir='ltr'><em>παύση-</em></span> 
     </span>
     <span class='ocr_line' id='line_1_23' title="bbox 80 1525 1504 1586; baseline 0.002 -19"><span class='ocrx_word' id='word_1_137' title='bbox 80 1542 176 1580; x_wconf 86' lang='grc' dir='ltr'><em>ται,</em></span> <span class='ocrx_word' id='word_1_138' title='bbox 217 1528 294 1568; x_wconf 89' lang='grc' dir='ltr'><em>καὶ</em></span> <span class='ocrx_word' id='word_1_139' title='bbox 331 1525 485 1581; x_wconf 88' lang='grc' dir='ltr'><em>καιρὸς</em></span> <span class='ocrx_word' id='word_1_140' title='bbox 521 1529 596 1581; x_wconf 82' lang='grc' dir='ltr'><em>τῆς</em></span> <span class='ocrx_word' id='word_1_141' title='bbox 635 1526 902 1583; x_wconf 77' lang='grc' dir='ltr'><em>ἀναψύξεως</em></span> <span class='ocrx_word' id='word_1_142' title='bbox 939 1527 1121 1586; x_wconf 79' lang='grc' dir='ltr'><em>ἐπιστῇ,</em></span> <span class='ocrx_word' id='word_1_143' title='bbox 1169 1529 1390 1584; x_wconf 87' lang='grc' dir='ltr'><em>λυομένης</em></span> <span class='ocrx_word' id='word_1_144' title='bbox 1427 1531 1504 1570; x_wconf 85' lang='grc' dir='ltr'><em>καὶ</em></span> 
     </span>
     <span class='ocr_line' id='line_1_24' title="bbox 80 1601 1504 1661; baseline 0.001 -16"><span class='ocrx_word' id='word_1_145' title='bbox 80 1605 156 1657; x_wconf 89' lang='grc' dir='ltr'><em>τῆς</em></span> <span class='ocrx_word' id='word_1_146' title='bbox 185 1604 326 1650; x_wconf 79' lang='grc' dir='ltr'><em>σκιᾶς.</em></span> <span class='ocrx_word' id='word_1_147' title='bbox 384 1602 502 1646; x_wconf 65' lang='lat' dir='ltr'><em>Em}</em></span> <span class='ocrx_word' id='word_1_148' title='bbox 541 1601 632 1661; x_wconf 83' lang='grc' dir='ltr'><em>γάρ</em></span> <span class='ocrx_word' id='word_1_149' title='bbox 675 1605 797 1648; x_wconf 86' lang='grc' dir='ltr'><em>ἐστιν</em></span> <span class='ocrx_word' id='word_1_150' title='bbox 837 1601 859 1647; x_wconf 89' lang='grc' dir='ltr'>ὁ</span> <span class='ocrx_word' id='word_1_151' title='bbox 897 1602 1059 1660; x_wconf 82' lang='grc' dir='ltr'><em>παρών</em></span> <span class='ocrx_word' id='word_1_152' title='bbox 1097 1607 1206 1659; x_wconf 80' lang='grc' dir='ltr'><em>βίος.</em></span> <span class='ocrx_word' id='word_1_153' title='bbox 1272 1602 1384 1647; x_wconf 81' lang='grc' dir='ltr'><em>Τότε</em></span> <span class='ocrx_word' id='word_1_154' title='bbox 1413 1603 1504 1661; x_wconf 78' lang='grc' dir='ltr'><em>γὰρ</em></span> 
     </span>
     <span class='ocr_line' id='line_1_25' title="bbox 82 1677 1259 1738; baseline -0.001 -14"><span class='ocrx_word' id='word_1_155' title='bbox 82 1678 141 1729; x_wconf 83' lang='grc' dir='ltr'><em>ὡς</em></span> <span class='ocrx_word' id='word_1_156' title='bbox 169 1682 343 1733; x_wconf 82' lang='grc' dir='ltr'><em>τέλειοι,</em></span> <span class='ocrx_word' id='word_1_157' title='bbox 373 1679 466 1722; x_wconf 75' lang='grc' dir='ltr'><em>ἀλλ’</em></span> <span class='ocrx_word' id='word_1_158' title='bbox 502 1681 585 1737; x_wconf 85' lang='grc' dir='ltr'><em>οὐχ</em></span> <span class='ocrx_word' id='word_1_159' title='bbox 615 1679 674 1730; x_wconf 83' lang='grc' dir='ltr'><em>ὠς</em></span> <span class='ocrx_word' id='word_1_160' title='bbox 703 1683 856 1738; x_wconf 82' lang='grc' dir='ltr'><em>νεβροὶ</em></span> <span class='ocrx_word' id='word_1_161' title='bbox 885 1677 1259 1738; x_wconf 75' lang='grc' dir='ltr'><em>νεμηθησόμεθα.</em></span> 
     </span>
    </p>

    <p class='ocr_par' dir='ltr' id='par_1_12' title="bbox 79 1755 1510 2358">
     <span class='ocr_line' id='line_1_26' title="bbox 195 1755 1503 1817; baseline 0 -18"><span class='ocrx_word' id='word_1_162' title='bbox 195 1756 303 1812; x_wconf 86' lang='grc' dir='ltr'><em>,,Ἐν</em></span> <span class='ocrx_word' id='word_1_163' title='bbox 325 1756 370 1813; x_wconf 82' lang='grc'><em>6)</em></span> <span class='ocrx_word' id='word_1_164' title='bbox 400 1761 484 1814; x_wconf 76' lang='grc' dir='ltr'><em>μιᾷ</em></span> <span class='ocrx_word' id='word_1_165' title='bbox 502 1759 718 1814; x_wconf 74' lang='grc' dir='ltr'><em>ἐνθέματι</em></span> <span class='ocrx_word' id='word_1_166' title='bbox 739 1755 966 1817; x_wconf 84' lang='grc' dir='ltr'><em>τραχήλου</em></span> <span class='ocrx_word' id='word_1_167' title='bbox 990 1757 1128 1801; x_wconf 79' lang='grc' dir='ltr'><em>σου.“</em></span> <span class='ocrx_word' id='word_1_168' title='bbox 1165 1756 1227 1800; x_wconf 85' lang='grc' dir='ltr'><em>Τὸ</em></span> <span class='ocrx_word' id='word_1_169' title='bbox 1258 1758 1503 1814; x_wconf 74' lang='grc' dir='ltr'><em>,,ἕνθεμα“</em></span> 
     </span>
     <span class='ocr_line' id='line_1_27' title="bbox 83 1832 1504 1892; baseline -0.001 -13"><span class='ocrx_word' id='word_1_170' title='bbox 83 1837 253 1892; x_wconf 85' lang='grc' dir='ltr'><em>εἴρηται</em></span> <span class='ocrx_word' id='word_1_171' title='bbox 271 1833 398 1892; x_wconf 73' lang='grc' dir='ltr'><em>παρὰ</em></span> <span class='ocrx_word' id='word_1_172' title='bbox 423 1833 472 1878; x_wconf 88' lang='grc' dir='ltr'><em>τὸ</em></span> <span class='ocrx_word' id='word_1_173' title='bbox 500 1835 762 1879; x_wconf 79' lang='grc' dir='ltr'><em>ἐντίθεσθαι</em></span> <span class='ocrx_word' id='word_1_174' title='bbox 781 1838 858 1878; x_wconf 90' lang='grc' dir='ltr'><em>καὶ</em></span> <span class='ocrx_word' id='word_1_175' title='bbox 884 1835 1183 1892; x_wconf 78' lang='grc' dir='ltr'><em>ἐναρμῶσθαι</em></span> <span class='ocrx_word' id='word_1_176' title='bbox 1205 1837 1266 1891; x_wconf 80' lang='grc' dir='ltr'><em>τῷ</em></span> <span class='ocrx_word' id='word_1_177' title='bbox 1297 1832 1504 1892; x_wconf 82' lang='grc' dir='ltr'><em>τραχήλῳ</em></span> 
     </span>
     <span class='ocr_line' id='line_1_28' title="bbox 79 1909 1504 1971; baseline -0.003 -14"><span class='ocrx_word' id='word_1_178' title='bbox 79 1915 156 1967; x_wconf 86' lang='grc' dir='ltr'><em>τῆς</em></span> <span class='ocrx_word' id='word_1_179' title='bbox 185 1909 384 1970; x_wconf 81' lang='grc' dir='ltr'><em>νύμφης.</em></span> <span class='ocrx_word' id='word_1_180' title='bbox 429 1915 489 1954; x_wconf 81' lang='grc' dir='ltr'><em>Εἰ</em></span> <span class='ocrx_word' id='word_1_181' title='bbox 518 1912 568 1956; x_wconf 82' lang='grc' dir='ltr'><em>δὲ</em></span> <span class='ocrx_word' id='word_1_182' title='bbox 599 1910 659 1962; x_wconf 78' lang='grc' dir='ltr'><em>ῶς</em></span> <span class='ocrx_word' id='word_1_183' title='bbox 688 1910 772 1957; x_wconf 82' lang='grc' dir='ltr'><em>δύο</em></span> <span class='ocrx_word' id='word_1_184' title='bbox 804 1915 957 1971; x_wconf 83' lang='grc' dir='ltr'><em>νεβροὶ</em></span> <span class='ocrx_word' id='word_1_185' title='bbox 988 1909 1214 1967; x_wconf 81' lang='grc' dir='ltr'><em>δορκάδος</em></span> <span class='ocrx_word' id='word_1_186' title='bbox 1242 1913 1430 1967; x_wconf 77' lang='grc' dir='ltr'><em>ἔμειναν</em></span> <span class='ocrx_word' id='word_1_187' title='bbox 1461 1913 1504 1954; x_wconf 78' lang='grc' dir='ltr'><em>οἱ</em></span> 
     </span>
     <span class='ocr_line' id='line_1_29' title="bbox 80 1985 1506 2046; baseline -0.002 -13"><span class='ocrx_word' id='word_1_188' title='bbox 80 1992 250 2046; x_wconf 88' lang='grc' dir='ltr'><em>μαστοὶ</em></span> <span class='ocrx_word' id='word_1_189' title='bbox 281 1991 358 2044; x_wconf 88' lang='grc' dir='ltr'><em>τῆς</em></span> <span class='ocrx_word' id='word_1_190' title='bbox 388 1985 585 2046; x_wconf 82' lang='grc' dir='ltr'><em>νύμφης,</em></span> <span class='ocrx_word' id='word_1_191' title='bbox 619 1988 691 2033; x_wconf 88' lang='grc' dir='ltr'><em>τό·</em></span> <span class='ocrx_word' id='word_1_192' title='bbox 724 1989 859 2045; x_wconf 81' lang='grc' dir='ltr'><em>,,τί7)</em></span> <span class='ocrx_word' id='word_1_193' title='bbox 893 1987 1262 2045; x_wconf 75' lang='grc' dir='ltr'><em>ἐκαλλιώθησαν·</em></span> <span class='ocrx_word' id='word_1_194' title='bbox 1282 1991 1310 2012; x_wconf 85' lang='grc'><strong>“</strong></span> <span class='ocrx_word' id='word_1_195' title='bbox 1343 1988 1425 2033; x_wconf 86' lang='grc' dir='ltr'><em>οὐκ</em></span> <span class='ocrx_word' id='word_1_196' title='bbox 1447 1985 1506 2031; x_wconf 74' lang='grc' dir='ltr'><em>ἂν</em></span> 
     </span>
     <span class='ocr_line' id='line_1_30' title="bbox 83 2064 1505 2127; baseline -0.002 -17"><span class='ocrx_word' id='word_1_197' title='bbox 83 2064 252 2127; x_wconf 74' lang='grc' dir='ltr'><em>ἐῤῥήθη</em></span> <span class='ocrx_word' id='word_1_198' title='bbox 281 2069 605 2123; x_wconf 73' lang='grc' dir='ltr'><em>θαυμαστικῶς</em></span> <span class='ocrx_word' id='word_1_199' title='bbox 631 2069 737 2125; x_wconf 87' lang='grc' dir='ltr'><em>περὶ</em></span> <span class='ocrx_word' id='word_1_200' title='bbox 774 2070 879 2123; x_wconf 88' lang='grc' dir='ltr'><em>τοῦ,</em></span> <span class='ocrx_word' id='word_1_201' title='bbox 921 2066 984 2117; x_wconf 81' lang='grc' dir='ltr'><em>ὠς</em></span> <span class='ocrx_word' id='word_1_202' title='bbox 1012 2069 1155 2125; x_wconf 76' lang='grc' dir='ltr'><em>ἔφην,</em></span> <span class='ocrx_word' id='word_1_203' title='bbox 1199 2067 1505 2123; x_wconf 88' lang='grc' dir='ltr'><em>διανοητικοῦ.</em></span> 
     </span>
     <span class='ocr_line' id='line_1_31' title="bbox 79 2140 1506 2204; baseline -0.001 -18"><span class='ocrx_word' id='word_1_204' title='bbox 79 2141 213 2187; x_wconf 82' lang='grc' dir='ltr'><em>Ἀλλὰ</em></span> <span class='ocrx_word' id='word_1_205' title='bbox 235 2146 312 2187; x_wconf 86' lang='grc' dir='ltr'><em>καὶ</em></span> <span class='ocrx_word' id='word_1_206' title='bbox 338 2142 387 2187; x_wconf 88' lang='grc' dir='ltr'><em>τὸ</em></span> <span class='ocrx_word' id='word_1_207' title='bbox 411 2143 608 2188; x_wconf 83' lang='grc' dir='ltr'><em>διπλοῦν</em></span> <span class='ocrx_word' id='word_1_208' title='bbox 634 2147 713 2188; x_wconf 92' lang='grc' dir='ltr'><em>τοῦ</em></span> <span class='ocrx_word' id='word_1_209' title='bbox 734 2142 973 2204; x_wconf 75' lang='grc' dir='ltr'><em>θαύματος</em></span> <span class='ocrx_word' id='word_1_210' title='bbox 991 2143 1073 2200; x_wconf 86' lang='grc' dir='ltr'><em>τὴν</em></span> <span class='ocrx_word' id='word_1_211' title='bbox 1089 2140 1277 2199; x_wconf 71' lang='grc' dir='ltr'><em>αὔξησιν</em></span> <span class='ocrx_word' id='word_1_212' title='bbox 1296 2147 1374 2188; x_wconf 91' lang='grc' dir='ltr'><em>τοῦ</em></span> <span class='ocrx_word' id='word_1_213' title='bbox 1391 2141 1506 2186; x_wconf 78' lang='grc' dir='ltr'><em>κάλ-</em></span> 
     </span>
     <span class='ocr_line' id='line_1_32' title="bbox 83 2218 1507 2280; baseline 0 -18"><span class='ocrx_word' id='word_1_214' title='bbox 83 2223 190 2269; x_wconf 89' lang='grc' dir='ltr'><em>λους</em></span> <span class='ocrx_word' id='word_1_215' title='bbox 216 2219 450 2270; x_wconf 79' lang='grc' dir='ltr'><em>ὑπέδειξεν</em></span> <span class='ocrx_word' id='word_1_216' title='bbox 465 2233 475 2244; x_wconf 87' lang='grc'><em>·</em></span> <span class='ocrx_word' id='word_1_217' title='bbox 506 2218 671 2265; x_wconf 84' lang='grc' dir='ltr'><em>ὁποῖον</em></span> <span class='ocrx_word' id='word_1_218' title='bbox 688 2220 762 2266; x_wconf 87' lang='grc' dir='ltr'><em>τό·</em></span> <span class='ocrx_word' id='word_1_219' title='bbox 780 2222 1207 2280; x_wconf 71' lang='grc' dir='ltr'><em>,,ἐκαρδίωσας’3)·“</em></span> <span class='ocrx_word' id='word_1_220' title='bbox 1231 2222 1279 2264; x_wconf 90' lang='grc' dir='ltr'><em>ἐκ</em></span> <span class='ocrx_word' id='word_1_221' title='bbox 1298 2222 1507 2277; x_wconf 87' lang='grc' dir='ltr'><em>δευτέρου</em></span> 
     </span>
     <span class='ocr_line' id='line_1_33' title="bbox 84 2294 1510 2358; baseline 0 -19"><span class='ocrx_word' id='word_1_222' title='bbox 84 2298 236 2353; x_wconf 78' lang='grc' dir='ltr'><em>ῥηθέν.</em></span> <span class='ocrx_word' id='word_1_223' title='bbox 277 2295 452 2354; x_wconf 75' lang='grc' dir='ltr'><em>ι[μα’τια</em></span> <span class='ocrx_word' id='word_1_224' title='bbox 473 2298 523 2342; x_wconf 79' lang='grc' dir='ltr'><em>δὲ</em></span> <span class='ocrx_word' id='word_1_225' title='bbox 539 2300 617 2354; x_wconf 81' lang='grc' dir='ltr'><em>τῆς</em></span> <span class='ocrx_word' id='word_1_226' title='bbox 636 2296 834 2357; x_wconf 82' lang='grc' dir='ltr'><em>νύμφης,</em></span> <span class='ocrx_word' id='word_1_227' title='bbox 868 2302 911 2344; x_wconf 81' lang='grc' dir='ltr'><em>οἱ</em></span> <span class='ocrx_word' id='word_1_228' title='bbox 927 2300 1222 2358; x_wconf 72' lang='grc' dir='ltr'><em>ἐνδεδυμένοι</em></span> <span class='ocrx_word' id='word_1_229' title='bbox 1238 2298 1282 2354; x_wconf 82' lang='lat'><em>⁹)</em></span> <span class='ocrx_word' id='word_1_230' title='bbox 1307 2294 1510 2355; x_wconf 79' lang='grc' dir='ltr'><em>Χριστὸν</em></span> 
     </span>
    </p>
   </div>
   <div class='ocr_carea' id='block_1_11' title="bbox 80 2372 1510 2435">
    <p class='ocr_par' dir='ltr' id='par_1_13' title="bbox 80 2372 1510 2435">
     <span class='ocr_line' id='line_1_34' title="bbox 80 2372 1510 2435; baseline 0 -18"><span class='ocrx_word' id='word_1_231' title='bbox 80 2373 285 2429; x_wconf 88' lang='grc' dir='ltr'><em>Ἰησοῦν,</em></span> <span class='ocrx_word' id='word_1_232' title='bbox 332 2372 659 2432; x_wconf 60' lang='grc' dir='ltr'><em>σπλάγχναῑο)</em></span> <span class='ocrx_word' id='word_1_233' title='bbox 702 2379 961 2435; x_wconf 85' lang='grc' dir='ltr'><em>οῖκτιρμοῦ,</em></span> <span class='ocrx_word' id='word_1_234' title='bbox 1005 2379 1082 2420; x_wconf 91' lang='grc' dir='ltr'><em>καὶ</em></span> <span class='ocrx_word' id='word_1_235' title='bbox 1112 2372 1393 2435; x_wconf 82' lang='grc' dir='ltr'><em>χρηστότητα</em></span> <span class='ocrx_word' id='word_1_236' title='bbox 1433 2375 1510 2418; x_wconf 87' lang='grc' dir='ltr'><em>καὶ</em></span> 
     </span>
    </p>
   </div>
   <div class='ocr_carea' id='block_1_12' title="bbox 202 2546 1405 2885">
    <p class='ocr_par' dir='ltr' id='par_1_14' title="bbox 203 2546 1405 2673">
     <span class='ocr_line' id='line_1_35' title="bbox 204 2546 1405 2606; baseline -0.002 -14"><span class='ocrx_word' id='word_1_237' title='bbox 204 2547 244 2603; x_wconf 87' lang='lat'><em>¹)</em></span> <span class='ocrx_word' id='word_1_238' title='bbox 277 2546 362 2588; x_wconf 83' lang='lat' dir='ltr'>Cfr.</span> <span class='ocrx_word' id='word_1_239' title='bbox 396 2547 554 2588; x_wconf 68' lang='lat' dir='ltr'>Cantic-</span> <span class='ocrx_word' id='word_1_240' title='bbox 585 2549 658 2599; x_wconf 80' lang='lat' dir='ltr'><em>IV,</em></span> <span class='ocrx_word' id='word_1_241' title='bbox 687 2551 726 2592; x_wconf 82' lang='grc'><em>4.</em></span> <span class='ocrx_word' id='word_1_242' title='bbox 845 2551 889 2606; x_wconf 83' lang='lat'><em>²)</em></span> <span class='ocrx_word' id='word_1_243' title='bbox 924 2551 1014 2592; x_wconf 87' lang='lat' dir='ltr'><strong>Cfr.</strong></span> <span class='ocrx_word' id='word_1_244' title='bbox 1046 2549 1201 2605; x_wconf 81' lang='lat' dir='ltr'><strong>Ephes.</strong></span> <span class='ocrx_word' id='word_1_245' title='bbox 1234 2550 1308 2598; x_wconf 72' lang='lat' dir='ltr'><em>VT,</em></span> <span class='ocrx_word' id='word_1_246' title='bbox 1340 2547 1405 2590; x_wconf 81' lang='grc'><em>16.</em></span> 
     </span>
     <span class='ocr_line' id='line_1_36' title="bbox 203 2617 1262 2673; baseline 0.003 -15"><span class='ocrx_word' id='word_1_247' title='bbox 203 2618 245 2668; x_wconf 82' lang='lat'><em>3)</em></span> <span class='ocrx_word' id='word_1_248' title='bbox 278 2617 362 2659; x_wconf 84' lang='lat' dir='ltr'>Cfr.</span> <span class='ocrx_word' id='word_1_249' title='bbox 397 2617 554 2658; x_wconf 79' lang='lat' dir='ltr'><strong>Cantic.</strong></span> <span class='ocrx_word' id='word_1_250' title='bbox 586 2619 660 2668; x_wconf 87' lang='lat' dir='ltr'><em>IV,</em></span> <span class='ocrx_word' id='word_1_251' title='bbox 692 2620 730 2662; x_wconf 83' lang='grc'><em>4.</em></span> <span class='ocrx_word' id='word_1_252' title='bbox 791 2641 796 2653; x_wconf 73' lang='lat'><strong>¹</strong></span> <span class='ocrx_word' id='word_1_253' title='bbox 851 2621 893 2673; x_wconf 62' lang='grc'><em>4)</em></span> <span class='ocrx_word' id='word_1_254' title='bbox 927 2620 1086 2661; x_wconf 82' lang='lat' dir='ltr'>Cantic.</span> <span class='ocrx_word' id='word_1_255' title='bbox 1119 2621 1192 2669; x_wconf 81' lang='lat' dir='ltr'><em>IV,</em></span> <span class='ocrx_word' id='word_1_256' title='bbox 1224 2620 1262 2661; x_wconf 85' lang='lat'><em>5.</em></span> 
     </span>
    </p>

    <p class='ocr_par' dir='ltr' id='par_1_15' title="bbox 205 2687 1294 2743">
     <span class='ocr_line' id='line_1_37' title="bbox 205 2687 1294 2743; baseline 0 -15"><span class='ocrx_word' id='word_1_257' title='bbox 205 2688 244 2743; x_wconf 85' lang='lat'><em>⁵)</em></span> <span class='ocrx_word' id='word_1_258' title='bbox 276 2689 295 2728; x_wconf 92' lang='lat' dir='ltr'>I</span> <span class='ocrx_word' id='word_1_259' title='bbox 330 2687 427 2729; x_wconf 85' lang='lat' dir='ltr'><strong>Cor.</strong></span> <span class='ocrx_word' id='word_1_260' title='bbox 458 2687 580 2736; x_wconf 83' lang='lat' dir='ltr'><strong>XIII,</strong></span> <span class='ocrx_word' id='word_1_261' title='bbox 609 2687 646 2730; x_wconf 79' lang='grc'><em>9.</em></span> <span class='ocrx_word' id='word_1_262' title='bbox 769 2691 810 2742; x_wconf 80' lang='grc' dir='ltr'><em>ε)</em></span> <span class='ocrx_word' id='word_1_263' title='bbox 842 2690 928 2731; x_wconf 86' lang='lat' dir='ltr'><strong>Cfr.</strong></span> <span class='ocrx_word' id='word_1_264' title='bbox 962 2690 1120 2733; x_wconf 74' lang='lat' dir='ltr'><strong>Cantic.</strong></span> <span class='ocrx_word' id='word_1_265' title='bbox 1154 2690 1226 2737; x_wconf 84' lang='lat' dir='ltr'><em>IV,</em></span> <span class='ocrx_word' id='word_1_266' title='bbox 1256 2688 1294 2729; x_wconf 77' lang='grc'><em>9.</em></span> 
     </span>
    </p>

    <p class='ocr_par' dir='ltr' id='par_1_16' title="bbox 207 2757 1169 2814">
     <span class='ocr_line' id='line_1_38' title="bbox 207 2757 1169 2814; baseline 0.006 -18"><span class='ocrx_word' id='word_1_267' title='bbox 207 2757 247 2811; x_wconf 87' lang='lat'><em>⁷)</em></span> <span class='ocrx_word' id='word_1_268' title='bbox 281 2757 444 2797; x_wconf 79' lang='lat' dir='ltr'>Cantic.</span> <span class='ocrx_word' id='word_1_269' title='bbox 476 2758 547 2806; x_wconf 86' lang='lat' dir='ltr'><em>lV,</em></span> <span class='ocrx_word' id='word_1_270' title='bbox 581 2757 644 2800; x_wconf 86' lang='lat'><em>10.</em></span> <span class='ocrx_word' id='word_1_271' title='bbox 765 2759 806 2814; x_wconf 60' lang='grc' dir='ltr'>Β)</span> <span class='ocrx_word' id='word_1_272' title='bbox 840 2760 995 2802; x_wconf 78' lang='lat' dir='ltr'>Cantic.</span> <span class='ocrx_word' id='word_1_273' title='bbox 1028 2763 1100 2809; x_wconf 86' lang='lat' dir='ltr'><em>IV,</em></span> <span class='ocrx_word' id='word_1_274' title='bbox 1131 2760 1169 2802; x_wconf 78' lang='lat'><em>9·</em></span> 
     </span>
    </p>

    <p class='ocr_par' dir='ltr' id='par_1_17' title="bbox 202 2825 1354 2885">
     <span class='ocr_line' id='line_1_39' title="bbox 202 2825 1354 2885; baseline -0.002 -18"><span class='ocrx_word' id='word_1_275' title='bbox 202 2826 244 2879; x_wconf 80' lang='lat'><em>⁹)</em></span> <span class='ocrx_word' id='word_1_276' title='bbox 276 2827 361 2869; x_wconf 84' lang='lat' dir='ltr'>Csr.</span> <span class='ocrx_word' id='word_1_277' title='bbox 398 2828 519 2870; x_wconf 77' lang='lat' dir='ltr'>Rom.</span> <span class='ocrx_word' id='word_1_278' title='bbox 549 2828 665 2876; x_wconf 76' lang='lat' dir='ltr'>XlH,</span> <span class='ocrx_word' id='word_1_279' title='bbox 699 2827 760 2870; x_wconf 71' lang='lat'><em>12.</em></span> <span class='ocrx_word' id='word_1_280' title='bbox 887 2830 951 2885; x_wconf 90' lang='lat'><em>¹⁰)</em></span> <span class='ocrx_word' id='word_1_281' title='bbox 984 2831 1134 2872; x_wconf 66' lang='lat' dir='ltr'>Coloss</span> <span class='ocrx_word' id='word_1_282' title='bbox 1181 2827 1257 2875; x_wconf 86' lang='grc' dir='ltr'><em>ΙΙΙ,</em></span> <span class='ocrx_word' id='word_1_283' title='bbox 1290 2825 1354 2867; x_wconf 73' lang='lat'>1&#39;1.</span> 
     </span>
    </p>
   </div>
  </div>
 </body>
</html>
