1734 3112
634 130 775 172 LmER
804 129 880 171 111.
1421 133 1476 178 35

51 241 267 284 ritualium
304 241 540 296 gratiarum,
603 242 695 285 Una
737 243 909 301 enim¹)
939 259 1126 300 quaeque
1168 243 1326 294 anima,
1366 262 1470 302 quae

52 336 162 361 nunc
192 321 279 362 filia
294 321 335 377 ²)
366 319 630 361 Hierusalem
668 321 735 362 hic
774 322 1034 379 appellatur,
1075 322 1206 363 sciens
1242 323 1358 379 quod
1387 339 1473 364 ma«

50 410 158 440 trem
188 400 335 440 habeat
364 398 629 440 Hierusalem
679 400 930 451 coelestem,
972 402 1158 441 conferat
1202 400 1362 457 aliquid
1400 417 1471 441 ne-

52 492 163 518 cesse
202 488 262 518 est
300 477 351 518 ad
391 493 535 530 agrum
581 478 690 518 hunc
731 478 1031 529 excolendum,
1078 490 1117 520 et
1160 479 1333 521 coelesti
1374 496 1469 520 eum

48 554 312 611 possessione
343 555 515 609 dignum
547 556 687 613 cupiat
718 556 842 597 effici.
903 557 951 598 In
990 557 1108 599 istius
1141 574 1238 612 ergo
1271 557 1357 612 agri
1389 557 1470 599 vir—

47 633 204 674 tutibus
236 634 391 675 elevari
422 634 636 675 caritatem
671 634 838 687 Christi,
872 647 912 677 et
944 636 1114 678 excitari
1143 638 1193 677 ab
1225 637 1471 678 adolescen-

47 711 147 752 tulis
179 724 219 753 et
250 711 367 753 initia
395 711 496 753 fidei
526 712 774 755 habentibus
796 726 1052 770 protestatur
1076 714 1265 767 ecclesia,
1298 727 1338 756 et
1369 715 1470 757 dicit

46 791 99 831 ad
129 807 218 832 eas:
250 790 321 842 „si
336 791 378 848 3)
409 791 646 833 levaveritis
679 803 720 833 et
752 793 1029 835 excitaveritis
1060 793 1296 846 caritatem,
1328 795 1470 852 quoad

47 885 177 927 usque
208 869 367 911 velit:“
411 869 493 911 hoc
525 882 605 921 est,
650 870 684 912 si
713 870 797 928 jam
828 872 881 913 ad
909 872 991 913 hoc
1023 872 1239 924 veneritis,
1284 886 1332 914 ut
1361 872 1465 914 inci-

45 947 167 1002 piatis
198 948 262 1002 agi
291 963 375 989 nou
405 948 556 1005 spiritu
585 947 765 1001 timoris,
796 950 926 1006 sed4)
954 951 1210 1008 adoptionis,
1243 963 1284 992 et
1312 951 1355 992 in
1385 952 1467 993 hoc

44 1026 332 1084 profeceritis,
371 1026 429 1068 ita
458 1039 506 1069 ut
535 1028 723 1084 perfecta
754 1027 798 1069 in
829 1027 949 1070 vobis
981 1028 1154 1070 dilectio
1186 1031 1298 1072 foras
1327 1029 1465 1072 mittat

42 1104 253 1158 timorem,
285 1116 326 1146 et
355 1116 403 1146 ut
436 1105 607 1147 elevetis
637 1117 762 1163 atque
793 1107 981 1149 exaltetis
1010 1107 1052 1148 in
1084 1107 1205 1149 vobis
1236 1108 1466 1160 caritatem,

45 1194 87 1224 et
117 1183 302 1225 excitetis
336 1201 439 1237 eam,
470 1185 632 1226 tamdiu
665 1186 826 1227 elevate
859 1203 963 1237 eam,
997 1197 1038 1228 et
1067 1185 1229 1227 tamdiu
1260 1187 1466 1239 extollite,

43 1261 243 1319 quamdiu
271 1261 360 1319 ipse
392 1263 497 1304 velit
525 1262 637 1305 filius
670 1263 870 1316 caritatis,
909 1264 997 1306 imo
1029 1264 1145 1322 ipse,
1186 1264 1259 1322 qui
1290 1282 1336 1306 ex
1365 1265 1463 1306 Deo

42 1353 103 1382 est
142 1341 307 1382 caritas:
354 1358 406 1383 ne
444 1343 556 1383 forte
595 1354 787 1399 putantes
819 1343 1013 1385 sufficere
1042 1343 1249 1384 humanae
1281 1343 1461 1384 caritatis

41 1436 274 1470 mensuras,
318 1418 361 1459 in
402 1419 569 1461 caritate
600 1420 685 1461 Dei
714 1421 851 1462 minus
891 1421 1074 1478 aliquid,
1119 1437 1244 1477 quam
1272 1420 1370 1463 Deo
1403 1421 1464 1463 di-

41 1515 168 1552 gnum
200 1482 280 1548 est,
322 1498 460 1549 agatis.
521 1497 720 1540 Mensura
761 1498 873 1540 enim
914 1498 1093 1541 caritatis
1127 1500 1230 1541 haec
1267 1500 1358 1541 sola
1391 1511 1465 1552 est,

41 1589 87 1618 ut
119 1589 301 1626 tautum,
344 1587 545 1632 quantum
575 1577 665 1633 ipse
696 1577 807 1628 vult,
849 1575 1121 1635 diligatur⁵):
1167 1578 1362 1620 voluntas
1393 1594 1464 1620 au-

40 1666 127 1697 tem
156 1656 241 1698 Dei
270 1671 437 1711 semper
467 1655 615 1696 eadem
646 1665 727 1706 est,
764 1670 841 1696 nec
871 1671 1056 1712 unquam
1088 1666 1287 1698 mutatur.
1346 1656 1463 1711 Num

41 1749 166 1790 quam
198 1749 294 1786 ergo
327 1733 565 1774 immutatio
596 1731 759 1789 aliqua,
795 1744 867 1773 aut
895 1732 989 1773 {iuis
1018 1732 1131 1774 ullus
1170 1732 1213 1773 in
1242 1732 1327 1774 Dei
1361 1733 1463 1774 cari—

37 1822 121 1852 tate
157 1809 372 1868 recipitur.
430 1811 676 1867 Notandum
711 1826 808 1852 sane
851 1821 935 1862 est,
980 1812 1098 1869 quod
1133 1827 1219 1853 non
1259 1810 1384 1852 dixit:
1429 1811 1464 1853 si

39 1888 280 1946 acceperitis
321 1888 559 1931 caritatem:
599 1889 673 1931 sed
713 1889 782 1941 „si
796 1889 838 1947 6)
870 1888 1171 1931 levaveritis:“
1207 1889 1325 1946 quasi
1356 1905 1462 1946 quae

40 1978 100 2008 est
129 1966 301 2024 quidem
340 1967 384 2009 in
414 1967 557 2020 vobis,
596 1967 671 2009 sed
699 1966 829 2026 jacet,
869 1979 911 2010 et
937 1965 1186 2025 nondum7)
1219 1979 1356 2009 erecta
1388 1980 1461 2010 est.

38 2042 92 2086 Et
121 2061 287 2087 rursum
316 2061 403 2086 non
435 2045 556 2087 dixit:
596 2046 630 2088 si
659 2045 939 2088 inveneritis:v
957 2047 1030 2087 sed
1060 2044 1188 2102 „si⁸)
1220 2045 1472 2086 excitaveri->

38 2121 88 2163 tis
107 2122 320 2165 caritatem
335 2129 378 2165 :¹⁴
412 2121 530 2181 quasi
546 2141 652 2181 quae
676 2124 728 2166 sit
742 2124 991 2166 intrinsecus
1009 2123 1203 2181 quidem,
1237 2124 1311 2165 sed
1329 2122 1461 2182 jaceat

39 2212 82 2240 et
111 2200 292 2242 dormiat
321 2200 364 2242 in
393 2201 456 2253 iis,
488 2203 623 2244 donec
642 2202 828 2245 inveniat
843 2202 1124 2245 suscitantem.
1169 2203 1311 2259 Ipsam
1331 2203 1458 2243 credo

40 2288 82 2318 et
103 2276 259 2320 Paulus
285 2279 509 2321 suscitabat
534 2292 634 2322 tunc
663 2281 799 2323 adhuc
824 2280 867 2322 in
902 2280 1121 2337 discipulis
1160 2280 1458 2332 dormientem,

38 2371 135 2395 cum
151 2354 334 2397 dicebat:
359 2358 607 2416 „exsurge⁹)
636 2358 707 2416 qui
724 2357 898 2411 dormis,
916 2370 958 2400 et
977 2359 1192 2412 continges
1205 2357 1459 2402 Christum.“

157 2538 196 2594 ¹)
226 2536 359 2579 Deest
389 2539 573 2588 „enim“
602 2540 647 2583 in
680 2541 776 2584 edd.
807 2541 869 2584 M.

151 2608 196 2665 ²)
227 2608 336 2650 Edd.
367 2609 427 2650 M.
458 2610 604 2660 „filiae
634 2612 899 2654 Hierusalem
931 2612 999 2653 hic
1030 2612 1357 2670 appellantur,“

153 2678 197 2734 ³)
232 2677 390 2720 Cantic.
422 2680 477 2730 ΙῘ,
508 2680 547 2723 7.
663 2683 708 2737 4)
736 2684 845 2726 Edd.
878 2683 939 2726 Μ.
973 2691 1098 2735 ‚,et.“

154 2747 195 2804 ⁵)
224 2749 333 2790 Edd.
366 2749 426 2791 M.
459 2750 741 2804 ‚‚dirigatur.“
860 2752 904 2811 ⁶)
935 2754 1094 2796 Cautio.
1128 2755 1184 2808 II,
1214 2754 1253 2798 7.

152 2817 193 2874 ⁷)
224 2818 332 2860 Edd.
363 2820 424 2862 M.
456 2827 753 2877 „nunquam.“
869 2823 912 2880 8)
944 2823 1102 2867 Cantic.
1136 2825 1191 2875 II,
1222 2823 1260 2867 ’7.

151 2887 195 2945 ⁹)
225 2889 375 2945 EpheS.
408 2891 458 2943 V,
491 2891 555 2935 14.
589 2892 687 2935 coll.
719 2892 841 2934 Jesai.
873 2893 963 2945 LX,
994 2893 1135 2938 1—3.

1089 2971 1148 3013 3*
