1734 3112
236 94 320 138 214
665 93 884 135 Onmssms
915 106 959 135 m
990 93 1229 134 JEREMJAM

238 208 422 265 μνησθῇ
453 206 567 248 ἕτι.“’
625 204 700 254 Ὡς
731 208 845 263 φησὶ
875 207 951 248 καὶ
983 202 1005 247 ὁ
1039 201 1273 262 προφήτης
1302 202 1516 258 Ἰ-Ισαΐας,
1551 209 1670 261 Χρι-
1732 234 1734 243 .

241 281 344 332 στὸς
373 280 465 339 ,,ώς
488 282 528 338 ¹)
561 280 795 342 πρόβατον
825 284 903 327 ἐπὶ
933 280 1123 339 σφαγὴν
1150 276 1297 338 ἤχθη,
1331 282 1408 324 καὶ
1439 278 1498 330 ὠς
1529 279 1674 340 ἀμνὸς
1730 318 1734 327 2

245 363 457 406 ἐναντίον
487 364 567 404 τοῦ
600 364 832 418 κείραντος
863 356 1076 418 ἄφωνος,
1119 356 1261 409 οὕτως
1302 358 1385 403 οὐκ
1417 357 1595 415 ἀνοίγει
1624 356 1675 402 τὸ
1732 365 1734 403 ἶ

243 436 392 495 στόμα
424 438 613 482 αὐτοῦ.“
668 438 791 482 Ἐκεῖ
816 437 905 495 μὲν
947 429 1030 482 οὖν
1059 438 1165 492 περὶ
1206 435 1346 480 αὐτοῦ
1372 435 1561 486 Ἡσαΐας
1599 438 1676 480 λέ-
1730 429 1734 473 ⁴}

243 530 337 573 γει·
389 517 591 561 ἐνταῦθα
647 516 697 560 δὲ
748 512 770 559 ὁ
818 512 1015 573 Χριστὸς
1060 517 1166 575 περὶ
1212 513 1370 558 αὐτοῦ.
1429 511 1675 571 „’Eya'›²),
1732 551 1734 578 4

245 596 411 652 φησὶν,
459 593 517 642 ὠς
558 591 718 650 ἀρνίον
757 587 931 638 ἄκακον
971 593 1048 637 ἐπὶ
1089 590 1279 650 σφαγὴν
1320 588 1557 647 ἀγόμενον
1595 593 1675 636 τοῦ
1732 600 1734 607 ’

244 670 495 725 θύσεσθαι,
543 668 625 715 οὐκ
663 670 825 727 ἔγνων.
838 670 867 693 “

938 669 1032 714 Οὐκ
1072 665 1170 715 εἶπε
1209 673 1255 712 τί
1293 667 1376 712 οὐκ
1417 669 1550 727 ἔγνω.
1613 666 1678 712 Οὐ
1732 664 1734 683 ’

244 748 335 810 γὰρ
366 753 564 809 εἴρηκεν·
600 747 682 792 οὐκ
710 749 860 806 ἔγνων
890 744 1023 792 κακά.
1058 747 1154 793 Οὐκ
1185 751 1385 804 εἴρηκεν·
1419 744 1502 790 οὐκ
1532 746 1682 802 ἔγνων
1723 764 1734 794 ·:

246 824 423 885 ἀγαθά.
496 821 608 870 Οὔτε
655 829 856 884 εἴρηκεν·
910 824 994 870 οὐκ
1038 826 1188 883 ἔγνων
1234 822 1481 882 ἁμαρτίαν.
1545 820 1680 866 Ἀλλὰ
1731 818 1734 863 ἶ

247 901 426 954 ἅπλῶς·
466 902 591 960 ,,ούκ
607 903 649 960 3)
682 904 880 961 ἕγνων.“
937 904 1025 947 Σοὶ
1054 895 1138 947 οὖν
1167 905 1494 947 καταλέλοιπεν
1524 898 1680 951 ἒξετά-
1732 919 1734 935 1

247 985 336 1033 ζειν
363 986 409 1025 τί
445 979 527 1026 οὐκ
558 982 700 1037 ἔγνω·
743 983 821 1026 καὶ
849 979 1065 1038 μάνθανε
1108 983 1154 1024 τί
1190 978 1272 1024 οὐκ
1302 979 1421 1038 ἔγνω
1453 977 1544 1023 ἀπὸ
1574 980 1678 1023 τοῦ·
1733 999 1734 1002 “

248 1058 375 1116 ,,τόν
398 1058 441 1116 ⁴²)
484 1056 549 1118 μὴ
597 1056 770 1117 γνόντα
813 1056 1069 1118 ἁμαρτίαν,
1115 1055 1231 1118 ὑπὲρ
1275 1055 1410 1117 ἡμῶν
1451 1053 1683 1113 ἁμαρτίαν

247 1137 502 1192 ἔποίησε·“
539 1138 717 1194 γνῶναι
745 1135 835 1197 γὰρ
869 1136 1101 1195 ἁμαρτίαν
1131 1132 1401 1193 ἁμαρτῆσαί
1425 1134 1572 1179 ἐστιν·
1621 1131 1682 1185 ὥς

246 1217 423 1272 γνῶναι
471 1210 770 1269 δικαιοσύνην
815 1214 1211 1271 δικαιοπραγῆσαί
1258 1212 1399 1257 ἔστιν.
1470 1209 1518 1257 ‘0
1563 1213 1682 1269 γοῦν

248 1291 552 1351 ἀπαγγέλλων
578 1288 632 1335 τὰ
651 1292 757 1350 περὶ
787 1287 1092 1346 δικαιοσύνης,
1124 1291 1202 1333 καὶ
1221 1288 1285 1347 μὴ
1314 1290 1678 1348 δικαιοπραγῶν,

247 1368 330 1415 οὐκ
359 1370 478 1427 ἔγνω
511 1366 827 1424 δικαιοσύνην.

360 1446 400 1491 2.
441 1445 569 1504 ,,Ἐπ’
593 1446 634 1503 ⁵)
668 1446 749 1504 ἐμὲ
779 1446 1046 1504 ἐλογίσαντο
1078 1443 1305 1503 λογισμὸν
1341 1442 1567 1505 πονηρὸν,
1606 1447 1682 1492 λε’-

246 1539 428 1585 γοντες·
489 1526 640 1580 δεῦτε,
691 1527 768 1568 καὶ
813 1521 1088 1582 ἐμβάλωμεν
1132 1520 1270 1572 ξύλον
1313 1523 1376 1573 εἰς
1418 1521 1500 1568 τὸν
1543 1518 1684 1584 ἄρτον

248 1603 405 1648 αὐτου.
425 1603 453 1625 “
507 1601 601 1647 Ὅτι
636 1601 726 1660 μὲν
767 1600 1058 1660 ἐσταύρωσαν
1097 1599 1236 1645 αὐτὸν
1260 1599 1498 1657 Ἰουδαῖοι,
1538 1602 1684 1658 δῆλον

248 1678 382 1726 τοῦτό
413 1682 530 1734 ἐστι,
573 1681 649 1723 καὶ
689 1681 922 1741 παῤῥησιά
959 1681 1092 1724 τοῦτο
1130 1676 1435 1738 κηρύσσομεν.
1494 1682 1601 1729 Πῶς
1630 1681 1682 1726 δὲ

248 1761 379 1803 τοῦτο
410 1755 693 1816 ἔφαρμόσεις
721 1760 810 1814 τῷ·
842 1758 1146 1815 ,,ἒλογίσαντο
1161 1757 1204 1814 ⁶)
1236 1756 1302 1801 ἐπ’
1329 1756 1410 1815 ἐμὲ
1438 1756 1680 1817 λογισμὸν,
1730 1774 1734 1791 ·

249 1840 475 1895 λέγοντες·
526 1836 677 1890 δεῦτε,
718 1837 795 1878 καὶ
833 1833 1107 1893 ἐμβάλωμεν
1144 1833 1282 1886 ξύλον
1319 1838 1382 1886 εἰς
1424 1834 1506 1881 τὸν
1542 1832 1682 1899 ἄρτον

251 1915 412 1958 αὐτοῦ·
427 1915 456 1936 “

487 1914 625 1979 ἔργον
655 1913 752 1957 ἐστὶ
782 1916 957 1968 νοῆσαι.
1017 1911 1065 1956 Ὁ
1093 1916 1171 1957 τοῦ
1199 1912 1346 1968 Ἰησοῦ
1379 1909 1511 1971 ἄρτος
1542 1914 1566 1960 ὀ
1597 1915 1679 1960 λό-

247 2009 329 2051 γος
359 1992 504 2045 ἐστὶν,
545 1992 595 2035 ἓν
624 1982 661 2048 ᾧ
689 1988 972 2049 τρεφόμεθα.
1030 1988 1159 2035 Ἐπεὶ
1188 1995 1344 2035 τοίνυν
1381 1991 1680 2045 διδάσκοντος

251 2070 392 2115 αὐτοῦ
438 2071 490 2114 ἓν
526 2072 588 2126 τῷ
627 2070 723 2125 λαῷ
763 2067 994 2123 ἠθέλησαν
1030 2065 1080 2113 τὸ
1122 2066 1385 2113 σκάνδαλον
1422 2069 1474 2114 ἐν
1511 2072 1564 2132 τῇ
1603 2071 1680 2115 δι-

250 2149 477 2205 δασκαλίᾳ
507 2146 644 2192 αὐτοῦ
675 2151 978 2204 προσθεῖναι,
1012 2143 1092 2190 διὰ
1122 2149 1201 2190 τοῦ
1232 2150 1491 2207 σταυρῶσαι
1521 2148 1677 2207 αὐτὸν,

250 2223 408 2274 εἷπον·
441 2223 744 2283 ,,βάλωμεν7)
774 2222 911 2275 ξύλον
940 2228 1001 2274 εἰς
1030 2222 1111 2268 τὸν
1140 2219 1281 2282 ἄρτον
1310 2225 1503 2271 αὖτοῦ.“
1539 2225 1679 2273 Ὅταν

249 2304 340 2366 γὰρ
370 2308 433 2362 τῷ
462 2302 585 2361 λόγῳ
615 2304 691 2358 τῆς
715 2301 861 2359 Ἰησοῦ
893 2304 1191 2352 διδασκαλίας
1220 2303 1539 2362 προσάπτηται
1568 2305 1617 2352 τὸ
1631 2307 1677 2365 ⁸)

253 2385 510 2442 σταυρῶσαι
538 2380 619 2425 τὸν
648 2378 953 2436 διδάσκαλον,
991 2382 1052 2430 εἰς
1090 2380 1169 2426 τὸν
1199 2377 1338 2440 ἄρτον
1368 2383 1506 2429 αὐτοῦ
1537 2383 1678 2436 ξύλον

368 2565 409 2623 ¹)
439 2563 564 2608 Jesai.
593 2563 716 2615 LIII,
746 2564 785 2608 7.

367 2635 412 2694 ²)
444 2635 530 2678 Cfr.
560 2633 717 2677 Jerem.
747 2634 834 2687 XI,
865 2633 930 2680 19.
963 2633 1063 2676 coll.
1093 2634 1217 2678 Jesai.
1246 2635 1369 2687 LIII,
1400 2637 1439 2682 7.

365 2706 410 2763 3)
439 2706 595 2748 Jerem.
623 2705 710 2757 XI,
742 2704 806 2750 19.
928 2705 971 2762 4)
1001 2706 1046 2748 II
1068 2705 1166 2748 Cor.
1196 2706 1248 2758 V,
1278 2706 1346 2752 21.

370 2776 413 2832 ⁵)
442 2776 599 2817 Jerem.
629 2775 715 2827 XI,
746 2775 811 2819 19.
930 2777 974 2833 6)
1004 2775 1160 2818 Jerem.
1181 2776 1267 2828 XI,
1299 2776 1363 2822 19.

371 2845 413 2902 ⁷)
438 2844 594 2891 Jerem.
623 2845 708 2900 XI,
738 2844 804 2891 19.
923 2846 968 2904 ⁸)
998 2846 1107 2889 Edd.
1138 2846 1192 2890 H.
1222 2845 1306 2904 ,,τό
1339 2848 1671 2911 ἐσταυρῶσαι.“
1722 2900 1725 2906 ¹
