1734 3112
1399 134 1453 179 67

92 514 410 566 ORIGENIS
449 514 519 564 IN
558 514 913 566 CANTICUM
953 514 1403 566 CANTICORUM

450 653 649 695 LIBER
704 652 1047 709 QUARTUS.

144 807 304 861 „Surge
323 807 386 864 ¹),
419 807 513 849 veni
545 808 738 866 proxima
760 825 868 860 mea,
898 808 1088 866 speciosa
1117 824 1223 859 mea,
1256 808 1454 850 columba

32 900 145 926 mea:
178 884 377 942 quoniam
409 902 506 928 ecce
536 886 668 928 hiems
698 886 875 938 transiit,
904 886 1049 943 pluvia
1079 886 1183 928 abiit
1213 898 1255 928 et
1283 886 1454 929 recessit

31 962 110 1005 sibi
126 964 189 1020 2);
230 963 356 1005 flores
388 964 465 1006 visi
494 976 589 1005 sunt
618 964 661 1005 in
690 976 800 1006 terra
818 997 828 1016 ,
869 976 1036 1021 tempus
1067 963 1297 1021 putationis
1329 964 1454 1006 adve-

29 1041 111 1093 nit,
157 1057 238 1082 vox
268 1041 439 1083 turturis
480 1041 620 1083 audita
663 1054 723 1084 est
761 1043 804 1084 in
843 1055 952 1085 terra
987 1054 1144 1084 nostra.
1202 1044 1345 1084 Arbor
1383 1043 1454 1084 fici

28 1120 227 1176 produxit
265 1119 451 1173 germina
490 1136 583 1170 sua,
630 1120 735 1161 vites
780 1121 980 1163 florentes
1028 1121 1235 1163 dederunt
1273 1121 1453 1162 odorem

30 1205 201 1241 suum.“
262 1197 380 1253 Quid
411 1197 623 1240 contineat
653 1199 759 1239 ordo
791 1198 1001 1250 dramatis,
1030 1197 1115 1256 jam
1145 1215 1269 1255 supra
1300 1198 1454 1241 descri-

29 1276 208 1334 psimus;
248 1294 359 1318 nunc
398 1292 524 1327 vero,
572 1275 674 1333 quid
715 1276 782 1318 vel
822 1293 960 1318 sermo
990 1276 1077 1317 Dei
1116 1277 1169 1318 ad
1198 1277 1379 1318 animam
1408 1293 1451 1318 se

30 1354 220 1408 dignam,
259 1354 422 1411 sibique
460 1366 623 1410 aptam,
664 1356 733 1396 vel
773 1355 875 1411 quid
914 1354 1102 1397 Christus
1140 1355 1192 1395 ad
1231 1354 1451 1396 ecclesiam

31 1432 171 1474 dicere
201 1432 501 1485 intelligendus
534 1433 607 1483 sit,
638 1434 914 1473 advertamus.
974 1433 1061 1474 Sed
1092 1432 1261 1473 interim
1291 1431 1451 1488 primus

28 1525 166 1550 sermo
196 1509 282 1550 Dei
321 1510 518 1565 loquatur
557 1510 609 1550 ad
651 1509 757 1550 hanc
787 1508 1022 1564 speciosam
1053 1510 1335 1566 decoramque
1365 1510 1452 1551 ani-

28 1602 165 1636 mam,
207 1585 273 1626 cui
302 1602 380 1642 per
409 1603 549 1628 sensus
582 1602 834 1643 corporeOS,
864 1586 909 1627 id
941 1599 1020 1638 est,
1051 1604 1129 1643 per
1158 1587 1356 1628 intuitum
1392 1588 1452 1628 le-

31 1662 202 1713 ctionis,
234 1674 274 1703 et
303 1679 381 1719 per
410 1665 600 1706 auditum
633 1663 863 1713 doctrinae,
896 1663 1013 1719 quasi
1043 1681 1121 1719 per
1148 1666 1350 1706 fenestras
1379 1681 1453 1721 ap-

29 1740 191 1797 paruit,
236 1742 619 1799 proceritatemque
661 1757 756 1782 suae
795 1740 1093 1793 magnitudinis
1134 1741 1451 1792 demonstravit,

27 1817 86 1859 ita
115 1830 162 1859 ut
189 1818 233 1859 in
262 1820 548 1875 superioribus
580 1819 617 1860 ei
644 1819 892 1875 loqueretur
914 1819 1175 1868 incumbens,
1205 1830 1329 1875 atque
1353 1818 1451 1859 inde

30 1913 207 1939 evocans
239 1913 351 1949 eam,
382 1908 430 1939 ut
458 1898 663 1954 procedat
692 1897 826 1946 foras,
858 1907 899 1936 et
930 1908 1042 1937 extra
1072 1912 1214 1938 sensus
1245 1895 1328 1954 jam
1359 1912 1452 1938 cor-

29 1992 183 2032 poreos
226 1976 377 2017 effecta
416 1975 577 2017 desinat
615 1990 702 2016 esse
743 1973 785 2014 in
826 1989 969 2024 carne,
1009 1986 1056 2015 ut
1092 1974 1244 2016 merito
1287 1974 1450 2015 audiat:

29 2070 139 2108 „vos
155 2054 195 2110 3)
227 2065 366 2095 autem
396 2070 482 2094 non
513 2053 609 2095 estis
648 2052 691 2094 in
733 2069 876 2103 carne,
917 2053 991 2094 sed
1021 2051 1063 2093 in
1093 2052 1294 2109 spiritu.“
1351 2053 1452 2095 Non

31 2130 141 2172 enim
170 2131 310 2173 taliter
341 2131 499 2173 diceret
531 2147 622 2172 eam
654 2131 829 2171 verbum
859 2129 946 2171 Dei
974 2128 1210 2186 proximam
1239 2129 1344 2180 sibi,
1374 2128 1453 2170 nisi

32 2207 300 2265 conjungeret
330 2226 372 2251 se
404 2209 465 2259 ei,
498 2221 539 2250 et
569 2209 687 2249 {ieret
720 2225 815 2250 cum
849 2224 899 2248 co
932 2224 1037 2248 unus
1067 2207 1250 2263 spiritus,
1279 2224 1356 2248 nec
1391 2205 1453 2248 di-

33 2296 146 2326 ceret
176 2302 266 2327 eam
296 2286 551 2343 speciosam,
580 2287 662 2328 nisi
694 2286 854 2328 videret
883 2285 1107 2338 imaginem
1141 2283 1228 2342 ejus
1257 2282 1453 2325 renovari

31 2362 84 2403 de
123 2361 190 2403 die
233 2362 273 2403 in
313 2364 445 2406 diem:
496 2376 537 2405 et
587 2364 667 2406 nisi
707 2364 870 2405 videret
918 2380 1008 2405 eam
1051 2378 1247 2419 capacem
1284 2360 1453 2418 spiritus

30 2440 182 2491 sancti,
238 2440 308 2497 qui
344 2440 388 2482 in
425 2442 565 2499 specie
597 2442 820 2484 columbae
852 2440 1071 2482 descendit
1099 2439 1141 2480 in
1171 2440 1358 2481 ,Iordane
1389 2455 1454 2480 su-

33 2534 108 2574 per
136 2519 305 2569 Jesum,
346 2534 431 2559 non
462 2518 500 2559 ei
532 2519 711 2562 diceret:
763 2518 1058 2574 ‚,columba⁴)
1092 2524 1231 2559 mea.“
1293 2517 1455 2560 Conce-

31 2607 150 2651 perat
181 2595 290 2636 enim
321 2611 509 2637 amorem
540 2598 654 2638 verbi
684 2597 790 2648 Dei,
830 2608 871 2638 ct
902 2595 1098 2652 cupiebat
1130 2597 1181 2637 ad
1213 2595 1350 2652 ipsum
1384 2608 1454 2634 vo-

147 2813 184 2865 ¹)
215 2811 374 2853 Cantic.
407 2813 470 2862 II,
503 2810 685 2858 10-13,
805 2813 849 2868 ²)
878 2814 1008 2855 Deest
1039 2812 1172 2864 ‚,sibi“
1205 2811 1248 2851 in
1279 2810 1372 2852 edd.
1396 2808 1457 2859 Μ,

146 2882 186 2937 3)
220 2881 344 2922 Rom.
375 2881 503 2932 vlu,
533 2883 572 2924 9.
697 2881 739 2937 ⁴)
773 2881 934 2925 cantic.
968 2883 1033 2933 11,
1067 2882 1130 2924 10.

1080 2959 1144 3000 5*
