1763 3112
583 101 629 130 IN
664 87 918 131 JEREMLAM.
1379 90 1459 134 431

402 279 673 339 Κεφάλαιον
711 280 1094 340 τρισκαιδέκατον.

157 392 352 449 „Hah-¹)
403 389 546 441 ἀσκὸς
587 389 933 449 πληρωθήσεται
978 394 1167 438 οἴνου.“
1251 396 1458 455 Δευτέρῳ

38 470 204 526 χρῆται
247 469 586 526 παραδείγματι
622 473 714 513 τῶν
748 469 929 525 ἀσκῶν,
976 467 1044 514 ὅτι
1091 471 1269 527 ,,πᾶς’)
1321 470 1460 522 ἀσκὸς

44 544 388 606 πληρωθήσεται
428 547 620 604 οἴνου,“
659 551 741 590 καί
774 564 844 591 τοι
882 549 960 590 καὶ
1000 549 1154 592 ἐλαίου
1192 551 1269 592 καὶ
1306 545 1456 594 ἄλλων

42 622 222 680 ὑγρῶν·
270 624 386 672 τινὲς
423 624 472 667 δὲ
511 625 588 666 καὶ
622 627 815 678 μένουσι
853 628 1002 681 κενοὶ,
1044 624 1126 669 ἐὰν
1163 629 1350 685 γνῶμεν
1378 623 1457 676 τας

39 702 130 743 τῶν
161 703 299 743 οἴνων
329 698 569 757 διαφορὰς,
601 703 679 743 καὶ
708 700 758 745 τὸ
787 701 939 758 παρὸν
966 701 1128 758 ἀληθὲς
1154 701 1455 760 δειχθήσεται.

29 772 187 821 ’Έστιν
222 770 306 821 οὖν
347 773 469 826 οἶνος
506 775 713 835 θυμὸς3)
754 776 1020 837 δρακόντων
1060 779 1110 822 ἐκ
1145 778 1333 837 βότρυος
1371 798 1454 824 πι-

37 858 179 911 κρίας,
211 856 288 897 καὶ
318 853 524 911 ἀμπέλου
552 851 795 910 Σοδόμων,
828 853 888 904 ὦς
914 858 1182 913 γέγραπται.
1220 852 1349 900 ’Ἐστι
1378 860 1456 901 καὶ

36 926 293 987 ἕὶμπελος4)
324 934 616 988 Αἰγυπτίων,
648 927 706 985 ἣν
733 928 958 976 πατάσσει
991 929 1013 975 ὁ
1043 929 1151 982 θεὸς
1179 932 1230 976 ἐν
1253 930 1452 994 χαλάζῃ·

36 1009 130 1051 ἔστι
167 1010 244 1051 καὶ
282 1007 558 1064 ποτήριονό)
596 1013 754 1066 κυρίου
790 1006 1048 1064 μεθύσκον,
1092 1006 1151 1058 ὠς
1179 1011 1450 1067 γέγραπται,

36 1083 285 1143 κράτιστον.
332 1087 425 1127 Καὶ
457 1083 482 1139 ἡ
514 1090 657 1142 σοφία
688 1088 909 1142 συγκαλεῖ
935 1086 1011 1130 ἐπὶ
1041 1084 1119 1130 τὸν
1151 1086 1309 1140 ἑαυτῆς
1338 1103 1454 1146 κρα-

34 1165 171 1219 τῆρα,
204 1162 418 1218 δεῦτε,6)
448 1164 668 1219 λέγουσα,
700 1160 870 1220 φάγετε
903 1166 994 1207 τῶν
1024 1164 1148 1219 ἐμῶν
1179 1159 1341 1223 ἄρτων,
1375 1167 1453 1209 καὶ

34 1246 157 1284 πίε-τε
189 1235 336 1294 οἶνον,
380 1235 434 1282 ὃν
474 1241 692 1295 κεκέρακα
730 1237 858 1296 ὑμῖν.
926 1243 1020 1283 Καὶ
1056 1239 1219 1285 πάλιν·
1261 1241 1452 1299 „dpute-

34 1315 183 1373 λώνΊ)
217 1313 412 1372 ἐγενήθη
443 1319 503 1372 τῷ
535 1315 868 1373 ἠγαπημένῳ.“
923 1313 1051 1361 Ἐστι
1082 1321 1159 1361 καὶ
1189 1313 1391 1374 ἄμπελος
1406 1318 1451 1376 8)

32 1392 197 1453 Σωρὴκ
229 1389 423 1446 ἒκλεκτή.
490 1395 593 1441 Πᾶς
629 1385 712 1436 οὖν
742 1389 989 1452 ἅνθρωπος
1017 1397 1240 1453 τροπικῶς
1263 1412 1451 1453 χρημα-

32 1475 162 1522 τίζων
192 1467 341 1524 ἀσκὸς,
377 1473 504 1512 οἴνου
529 1467 779 1527 χωρητικός
808 1472 902 1515 ἐστι
932 1476 1206 1529 κρείττονος,
1238 1469 1451 1531 ἢχείρο-

32 1566 124 1604 νος,
156 1545 182 1602 ἢ
214 1547 384 1603 ἀναμὶξ
415 1545 704 1605 ἀμφοτέρων,
736 1550 813 1590 καὶ
842 1544 868 1601 ἢ
894 1548 1065 1604 ἐπίσης,
1097 1545 1341 1608 ἢμᾶλλον,
1373 1552 1450 1594 καὶ

29 1618 164 1681 ἧττον
192 1628 413 1680 θατέρου·
454 1626 534 1668 τοῦ
573 1625 661 1679 μὲν
693 1621 873 1682 φαύλου
912 1627 1164 1682 δεχομένου
1194 1626 1244 1671 τὸ
1275 1627 1323 1677 ἒξ
1353 1627 1449 1685 ἀμ-

31 1707 253 1763 φοτέρων,
284 1697 514 1757 Σοδόμων
535 1704 611 1744 καὶ
625 1704 908 1758 Αἰγυπτίων,
940 1705 1031 1747 τῶν
1061 1702 1444 1763 ἓχθρῶνἸσραήλ·

27 1784 107 1826 τοῦ
140 1781 189 1825 δὲ
221 1779 402 1836 ἀγαθοῦ
433 1777 513 1821 τὸν
542 1779 592 1821 ἐκ
620 1783 838 1836 ποτηρίου
865 1784 1021 1836 κυρίου
1051 1783 1127 1824 καὶ
1142 1784 1343 1840 κρατῆρα
1374 1784 1449 1838 τῆς

28 1863 210 1916 σοφίας.
267 1857 360 1898 Καὶ
409 1857 470 1911 τῷ
514 1855 602 1911 μὲν
650 1860 901 1913 παρέπεται
942 1861 1160 1914 τιμωρία,
1206 1856 1321 1902 κατὰ
1363 1857 1443 1903 τό’

27 1935 169 1993 ,,λάβε
184 1935 224 1991 ⁹)
257 1931 306 1976 τό
336 1929 556 1989 ποτήριον
594 1934 673 1975 τοῦ
713 1936 864 1989 οἴνου,
910 1937 987 1978 καὶ
1027 1933 1224 1996 ἀκράτου
1267 1933 1441 1993 τούτου,

27 2017 104 2059 καὶ
132 2015 302 2059 ποτιεῖς
329 2006 479 2052 πάντα
513 2007 566 2051 τὰ
604 2010 740 2065 ἔθνη,
787 2010 901 2069 πρὸς
939 2007 966 2055 ἃ
998 2010 1087 2069 ἐγώ
1119 2013 1360 2058 ἐπιστέλλω
1393 2013 1443 2057 σὲ

26 2090 140 2149 πρὸς
169 2085 396 2135 ‹munst-‘⁶
426 2110 479 2117 —
516 2088 578 2144 τῷ
614 2085 806 2146 Ἱερεμίᾳ
845 2093 1014 2146 φησίν·
1046 2114 1098 2122 ·—
1142 2079 1178 2146 ᾧ
1208 2089 1440 2149 ἐπιφέρει·

26 2167 461 2225 ,,καὶ10)πίονται,
502 2167 578 2206 καὶ
619 2165 931 2223 ἓξεμέσονται,
975 2168 1051 2210 καὶ
1089 2165 1442 2224 ἒκμανήσονται,

147 2329 185 2380 ¹)
216 2328 372 2371 Jerem.
402 2331 524 2381 XIII,
558 2331 622 2374 12.
654 2334 754 2375 coll.
785 2335 912 2376 Hom.
943 2336 1039 2376 XII.

141 2399 182 2455 ²)
215 2399 371 2440 Jerem.
401 2400 523 2450 XIII,
556 2401 620 2443 12.

139 2469 181 2524 3)
215 2469 303 2509 Cfr.
332 2469 460 2511 Deut.
490 2470 673 2522 XXXII,
702 2473 769 2516 32.
800 2473 867 2518 33.

140 2539 182 2593 ⁴)
215 2539 300 2580 Cfr.
332 2540 484 2583 Psalm.
514 2541 749 2591 LXXVIII,
776 2543 843 2586 47.
876 2545 1132 2599 (LXXVII.)

142 2609 182 2664 5)
216 2609 301 2651 cfr.
331 2609 485 2650 Psalm.
514 2609 678 2660 xxm,
709 2611 748 2652 5.
781 2612 962 2669 (XXII.)

138 2678 180 2732 6)
213 2677 298 2719 Cfr.
328 2678 454 2720 Prov.
485 2679 559 2729 IX,
589 2678 656 2723 5.Ι
750 2680 792 2737 ⁷)
820 2681 944 2724 Jesai.
974 2685 1025 2735 V,
1059 2685 1094 2727 1.

136 2746 179 2802 ⁸)
212 2746 297 2788 Cfr.
327 2748 482 2789 Jerem.
518 2750 570 2799 II,
599 2749 666 2793 21.
787 2751 830 2806 ⁹)
861 2752 947 2795 Cfr.
974 2753 1129 2796 Jerem.
1161 2754 1296 2806 XXV,
1328 2755 1392 2799 15.

112 2815 178 2871 ¹⁰)
210 2815 296 2857 Cfr.
325 2817 481 2859 Jerem.
512 2819 647 2871 XXV,
679 2820 742 2862 16.
