1734 3112
217 79 272 122 72
480 77 704 118 Omoems
735 88 776 117 m
811 76 992 119 CAxrlc..
1027 75 1327 118 CANrtcoflmi

221 188 538 233 resurrectionis
584 189 764 232 advenit.
834 191 1120 246 Amputantur
1162 188 1272 230 enim
1322 203 1361 230 et
1412 204 1651 235 exsecantur

223 272 274 311 ab
306 268 547 310 hominibus
578 279 772 325 peccata,
805 285 900 309 cum
933 267 973 308 in
1003 266 1214 322 baptismo
1249 269 1428 309 donatur
1458 269 1649 310 remissio

222 358 507 405 peccatorum.
567 347 661 388 Vox
692 346 865 403 quidem
897 343 1090 394 turturis,
1130 355 1175 384 ut
1207 343 1410 396 diximus,
1453 345 1536 403 jam
1565 363 1650 389 non

223 442 302 483 per
331 425 518 467 diversos
549 425 800 482 prophetas,
845 423 918 464 sed
957 438 1034 478 per
1063 437 1108 461 os
1149 419 1280 476 ipsius
1311 422 1538 479 sapientiae
1568 424 1653 466 Dei

225 503 394 546 auditur
432 503 474 545 in
519 502 654 545 terris.
714 502 769 543 Et
806 501 988 543 ficulnea
1025 496 1251 552 germinat,
1291 515 1394 556 quae
1433 512 1574 558 potest
1610 502 1653 543 in

225 581 430 624 fructibus
469 581 600 624 sancti
640 579 822 637 Spiritus
863 576 1021 634 accipi,
1068 576 1140 633 qui
1179 592 1290 618 nunc
1333 578 1517 634 primum
1557 595 1654 636 ape·

224 660 413 709 fiuntur,
461 671 501 701 et
541 660 883 700 demonstrantur
914 655 1135 697 ecclesiae:
1183 655 1250 695 vel
1283 654 1407 697 etiam
1451 657 1492 698 in
1536 657 1656 701 litera

227 737 350 791 legis,
393 753 497 793 quae
539 748 633 777 ante
674 736 902 777 adventum
936 732 1091 776 Christi
1125 732 1260 773 clausa
1291 746 1378 774 erat
1409 746 1448 776 et
1481 736 1657 778 constri-

228 827 313 865 cta,
355 827 395 855 et
437 815 686 855 indumento
720 815 905 870 quodam
935 811 1238 864 intelligentiae
1270 812 1443 854 carnalis
1476 814 1657 858 obtecta.

227 893 289 934 Ex
332 893 568 948 praesentia
609 909 707 933 vero
750 891 838 950 ejus
885 902 925 932 et
963 891 1146 931 adventu
1183 890 1400 946 prolatum
1440 903 1499 933 est
1529 909 1578 933 ex
1611 909 1658 934 ea

229 988 398 1026 germen
438 970 666 1029 spiritualis
706 968 1034 1023 intelligentiae,
1083 979 1124 1009 et
1161 985 1302 1010 sensus
1343 968 1487 1011 viridis
1529 982 1569 1011 et
1600 970 1659 1011 vi-

230 1049 346 1101 talis,
391 1049 460 1106 qui
492 1049 532 1089 in
567 1065 612 1089 ea
645 1049 882 1100 tegebatur,
919 1046 1135 1104 apparuit:
1181 1048 1283 1104 ut¹)
1317 1047 1513 1098 ecclesia,
1554 1065 1658 1106 quae

229 1128 448 1181 tegebatur
479 1144 501 1168 a
533 1126 701 1168 Christo
733 1126 773 1167 in
805 1126 999 1177 ficulnea,
1030 1126 1071 1167 id
1106 1137 1179 1175 est,
1210 1125 1252 1166 in
1282 1126 1387 1180 lege,
1418 1143 1504 1168 non
1535 1143 1662 1184 appa-

230 1217 319 1246 reat
334 1205 377 1262 ²)
410 1205 548 1254 arida,
598 1220 676 1245 nee
709 1204 975 1245 occidentem
1016 1203 1182 1245 literam
1213 1203 1355 1260 sequi,
1403 1205 1475 1245 sed
1505 1205 1662 1247 floren·

230 1295 339 1333 tem,
387 1294 427 1323 et
465 1282 748 1323 vivificantem
788 1281 994 1338 spiritum.
1056 1282 1142 1324 Sed
1182 1293 1223 1323 et
1262 1281 1365 1322 vites
1405 1283 1557 1324 florere
1599 1283 1662 1325 di-

231 1372 401 1412 cuntur,
434 1371 474 1401 et
506 1359 669 1401 dedisse
703 1361 881 1401 odorem
913 1377 1047 1402 suum.
1107 1360 1290 1402 Possunt
1323 1359 1497 1416 quidem
1528 1373 1568 1402 et
1600 1362 1662 1403 di-

230 1455 372 1480 versae
405 1438 620 1488 ecclesiae,
653 1454 757 1495 quae
790 1454 868 1494 per
900 1439 1047 1479 orbem
1080 1449 1215 1479 terrae
1244 1438 1465 1489 habentur,
1496 1438 1600 1481 vites
1618 1441 1661 1496 ³)

233 1516 317 1559 dici
355 1517 577 1567 florentes,
617 1528 688 1558 aut
728 1516 886 1558 vineae.
955 1515 1122 1568 „Vinea
1139 1515 1180 1572 ⁴)
1221 1515 1333 1557 enim
1372 1515 1551 1557 Domini
1591 1517 1666 1559 Sa-

232 1595 363 1637 baoth
396 1596 547 1636 domus
578 1596 707 1636 Israel
739 1607 824 1645 est,
865 1607 903 1636 et
937 1595 1090 1636 domus
1120 1595 1229 1636 Juda
1261 1594 1415 1636 dilecta
1444 1594 1665 1636 novella.“

234 1675 341 1715 Istae
374 1689 472 1726 ergo
507 1672 666 1723 vineae,
700 1690 795 1714 cum
825 1673 966 1730 primo
1000 1674 1207 1715 accedunt
1236 1674 1288 1715 ad
1318 1672 1470 1723 fidem,
1510 1673 1663 1715 florere

236 1751 454 1793 dicuntur:
498 1767 591 1791 cum
624 1767 725 1792 vero
757 1768 835 1807 per
864 1751 1116 1805 religionem
1149 1767 1327 1807 operum
1360 1767 1533 1792 suorum
1574 1769 1665 1793 sua-

235 1829 361 1871 vitate
394 1829 666 1878 adornantur,
698 1829 876 1870 odorem
907 1846 1029 1870 suum
1061 1829 1225 1870 dedisse
1258 1828 1467 1871 dicuntur.
1510 1829 1608 1871 Non
1626 1830 1666 1885 ⁵)

236 1907 324 1949 sine
347 1922 467 1948 eausa
483 1906 603 1963 putO,
635 1906 751 1963 quod
775 1923 863 1948 non
887 1906 1058 1948 dixerit:
1091 1907 1308 1957 „odorem
1325 1906 1366 1963 ὅ)
1400 1908 1666 1948 dederunt:“

238 1985 312 2025 sed
343 1984 556 2035 „odorem
587 1990 768 2025 suum:“
798 1996 846 2025 ut
878 1986 1138 2035 ostenderet,
1170 1983 1303 2025 inesse
1329 1984 1555 2041 unicuique
1580 1985 1667 2027 ani-

238 2079 331 2105 mae
364 2061 448 2103 vim
480 2062 794 2119 possibilitatis,
845 2075 885 2104 et
915 2062 1077 2104 arbitrii
1115 2062 1377 2113 libertatem,
1424 2079 1506 2120 qua
1534 2063 1668 2120 possit

239 2157 359 2195 agere
391 2156 517 2182 omne
548 2142 664 2198 quod
693 2141 855 2183 bonum
887 2153 959 2183 est.
1020 2142 1108 2183 Sed
1143 2141 1239 2199 quia
1275 2142 1357 2182 hoc
1388 2152 1559 2183 naturae
1588 2142 1666 2182 bo-

238 2235 341 2261 num
369 2217 741 2275 praevaricationis
783 2220 1004 2261 occasione
1043 2221 1315 2276 decerptum,
1360 2219 1428 2260 vel
1458 2220 1510 2260 ad
1550 2219 1670 2273 igno-

240 2296 438 2349 miniam,
470 2296 537 2337 vel
567 2297 619 2338 ad
636 2296 676 2353 ⁷)
708 2297 919 2339 lasciviam
953 2299 1087 2340 fuerat
1117 2298 1339 2347 inflexum,
1370 2297 1442 2338 ubi
1473 2314 1550 2354 per
1579 2314 1667 2352 gra-

242 2374 344 2416 tiam
383 2386 620 2432 reparatur,
667 2387 707 2416 et
748 2392 824 2431 per
863 2377 1098 2419 doctrinam
1140 2375 1256 2417 verbi
1295 2375 1379 2417 Dei
1418 2375 1667 2427 restituitur,

363 2578 404 2635 ¹)
433 2577 545 2618 Edd.
577 2576 638 2618 Μ.
669 2586 739 2627 „et
770 2574 986 2616 ecclesia.“
1107 2574 1149 2630 2)
1180 2574 1288 2616 Edd.
1314 2575 1373 2616 M.
1406 2574 1669 2631 ‚,apparuit.“

360 2648 402 2705 ³)
433 2648 544 2689 Edd.
574 2647 635 2689 M.
668 2646 808 2697 „vites
839 2645 947 2698 dici,
987 2657 1026 2686 et
1059 2645 1210 2687 llorere
1240 2657 1286 2687 ut
1317 2644 1474 2686 vineae.
1536 2644 1668 2687 Vinea

243 2704 406 2747 domini
418 2710 444 2729 ‘⁴
475 2715 556 2747 etc.

361 2775 404 2832 4)
433 2774 557 2816 Jesai.
588 2775 638 2824 V,
671 2774 708 2816 7.
830 2774 869 2829 ⁵)
900 2773 1009 2814 Edd.
1043 2774 1099 2815 M.
1134 2773 1226 2824 „Et
1254 2788 1340 2814 non
1369 2773 1495 2813 sine‘2
1528 2784 1606 2814 etc.

359 2844 403 2902 ὃ)
434 2844 591 2889 Cantic.
624 2845 680 2894 II,
713 2843 777 2887 13.
898 2843 939 2900 ⁷)
970 2844 1103 2887 Deest
1133 2844 1261 2895 ‚,ad“
1292 2842 1335 2884 in
1365 2843 1429 2884 ed.
1462 2841 1609 2889 Ruaei.
