1734 3112
682 69 824 112 Lmen
854 69 933 113 III.
1470 75 1527 121 53

88 201 244 244 aquae,
289 196 330 226 et
372 194 532 234 cetera,
580 197 686 238 quae
736 181 780 223 in
820 179 882 222 his
919 192 1032 235 gesta
1072 181 1325 225 referuntur.
1397 187 1519 243 Quae

90 262 245 314 omnia,
275 273 323 304 ut
352 260 544 311 diximus,
578 259 848 301 occultorum
868 259 1135 315 quorundam
1164 260 1323 303 formas
1347 274 1388 304 et
1416 263 1519 307 ima-

90 340 203 394 gines
242 349 399 381 tenent.
458 337 514 379 Et
549 336 631 378 hoc
667 352 755 377 non
799 336 843 378 in
873 336 1090 393 scripturis
1121 348 1284 380 tantum
1313 351 1519 393 veterum,

90 419 162 460 sed
194 429 236 459 et
264 416 308 458 in
343 414 465 469 gestis
486 413 668 456 Domini
698 425 739 455 et
760 413 976 456 salvatoris
1005 413 1154 466 nostri,
1187 431 1292 472 quae
1322 415 1365 457 in
1397 432 1519 459 evan-

89 494 207 549 geliis
245 494 504 543 referuntur,
553 491 752 533 invenies.
822 491 955 545 Igitur
999 491 1034 533 si
1075 492 1241 544 omnia,
1281 493 1443 550 quae¹)
1475 493 1518 535 in

88 571 310 615 manifesto
352 582 469 621 sunt,
509 571 741 611 secundum
783 585 853 619 ea,
898 585 1004 626 quae
1033 568 1518 628 superius‘approbavi-

85 666 198 700 mus,
239 649 292 690 ad
322 648 462 704 aliqua
491 648 760 698 referuntur,
801 662 907 704 quae
937 647 980 688 in
1012 648 1182 690 occulto
1213 659 1330 700 sunt,
1370 664 1516 691 conse-

85 744 215 785 quens
249 726 337 768 sine
370 724 501 767 dubio
537 735 621 775 est,
661 735 709 765 ut
740 740 886 766 cervus
915 724 992 766 iste
1024 725 1222 778 visibilis,
1253 726 1322 768 vel
1354 743 1516 784 caprea,

84 820 190 862 quae
230 803 274 845 in
306 802 481 845 Cantico
514 802 787 846 Canticorum
825 801 1077 860 scribitur2)
1117 805 1350 846 secundum
1386 804 1516 846 ratio-

81 899 180 924 nem
209 893 382 923 naturae
413 897 534 932 suae,
580 897 705 937 quam
750 880 1033 937 corporaliter
1073 894 1242 935 gerunt,
1280 883 1515 925 referantur

80 960 133 1003 ad
164 959 322 1016 aliquas
352 975 494 1000 rerum
524 957 861 1015 incorporalium
894 975 1045 1011 causas,
1078 971 1125 1001 ut
1154 959 1238 1001 illis
1263 959 1440 1002 occultis
1472 971 1514 1001 et

78 1036 361 1079 invisibilibus
392 1035 523 1078 cervis
554 1035 747 1077 videatur
775 1052 901 1094 posse
934 1037 1174 1088 convenire,
1208 1039 1324 1096 quod
1349 1038 1511 1080 dictum

80 1127 161 1157 est:
217 1130 337 1166 „vox
361 1113 402 1171 3)
444 1113 624 1155 Domini
664 1114 920 1170 perficientis
961 1121 1158 1157 cervos.“
1235 1115 1358 1171 Quae
1400 1115 1512 1158 enim

76 1191 287 1251 perfectio
321 1208 368 1233 ex
399 1208 503 1234 voce
532 1191 712 1233 Domini
755 1192 804 1233 fit
833 1192 922 1234 istis
951 1192 1187 1236 visibilibus
1221 1194 1381 1237 cervis?
1424 1195 1511 1236 Aut

78 1287 182 1328 quae
213 1271 267 1312 ad
297 1286 369 1311 eos
401 1269 595 1312 doctrina
625 1287 811 1328 unquam
831 1272 890 1312 'ex
920 1271 1102 1313 Domini
1129 1288 1236 1313 voce
1264 1272 1510 1314 descendit?

76 1349 123 1393 Si
152 1365 252 1391 vero
284 1348 523 1405 spirituales
557 1364 702 1390 cervos
734 1365 1004 1405 quaeramus,
1036 1366 1219 1406 quorum
1249 1351 1434 1391 formam
1465 1362 1506 1391 et

75 1426 301 1480 imaginem
328 1437 444 1466 tenet
475 1426 585 1466 illud
624 1425 779 1467 animal
812 1427 1060 1482 corporale,
1098 1427 1196 1468 illos
1237 1427 1420 1468 invenias
1452 1429 1503 1469 ad

78 1520 285 1546 summam
315 1503 590 1559 perfectionis
621 1519 669 1544 ex
700 1519 806 1544 voce
821 1503 1001 1545 Domini
1028 1520 1152 1561 posse
1183 1504 1372 1560 perduci.
1419 1505 1505 1547 Sed

78 1593 121 1622 ct
159 1597 341 1638 quorum
383 1597 604 1622 cervorum
634 1580 871 1623 Dominum
912 1597 1075 1624 servare
1117 1581 1307 1624 decuerit
1345 1594 1504 1639 partus,

75 1670 118 1700 et
147 1659 264 1700 velut
292 1658 493 1700 medendi
525 1658 665 1700 officia
694 1661 969 1716 praebentem
990 1659 1320 1716 parturientibus
1342 1661 1506 1702 adstare

74 1736 319 1779 convenerit
337 1768 348 1787 ‚
379 1737 514 1778 donec
544 1748 740 1793 parerent
761 1736 881 1797 *filios
910 1737 1038 1789 tales,
1069 1737 1142 1795 qui
1172 1738 1505 1789 adversarentur,

74 1826 115 1856 ct
144 1826 498 1872 persequerentur
526 1813 786 1871 serpentium
817 1831 958 1869 genus,
988 1827 1036 1857 ut
1067 1815 1239 1869 dignum
1272 1827 1333 1857 est
1363 1815 1503 1858 divina

69 1888 299 1951 majestate,
332 1893 533 1933 debemus
565 1892 797 1945 advertere,
829 1892 1018 1951 qualium
1051 1909 1274 1950 cervorum
1304 1893 1498 1950 Deum⁴)

70 1971 192 2013 decet
229 1986 394 2012 servare
430 1982 597 2027 partus,
641 1987 693 2013 ne
742 1970 785 2013 in
824 1972 1023 2013 aborsum
1074 1969 1288 2013 decidant:
1338 1971 1413 2013 sed
1455 1982 1496 2013 et

67 2065 230 2091 menses
262 2064 411 2090 eorum
438 2065 660 2091 numerare
690 2049 842 2107 plenos
872 2050 926 2091 ad
953 2060 1136 2106 partum,
1173 2065 1406 2106 eorumque
1437 2049 1498 2091 la-

66 2128 191 2169 bores
230 2139 273 2169 et
312 2127 482 2169 dolores
524 2127 759 2179 custodire,
804 2139 852 2169 ut
892 2127 1180 2181 generationes
1221 2144 1371 2169 eorum
1406 2144 1494 2170 non

69 2206 216 2247 cadant
244 2205 287 2247 in
319 2222 494 2276 vanum,
532 2208 607 2249 sed
639 2218 686 2247 ut
713 2206 903 2264 perfecta
932 2206 986 2249 sit
1017 2223 1165 2248 eorum
1194 2205 1410 2257 nativitas,
1453 2217 1494 2247 et

66 2281 227 2323 tamdiu
256 2262 512 2340 parturiant,
557 2286 693 2327 donec
722 2284 932 2326 formetur
973 2283 1162 2326 Christus
1197 2282 1241 2324 in
1279 2281 1341 2323 iis.
1401 2281 1492 2323 Hu-

67 2359 252 2417 iusmodi
293 2377 513 2404 cervorum
553 2363 696 2420 pullos
732 2362 945 2405 Dominus
996 2361 1150 2413 nutrit,
1197 2375 1346 2401 eorum
1386 2359 1492 2401 dun-

67 2627 95 2669 ἆ
181 2570 226 2651 ιι)
255 2570 364 2613 Edd.
396 2572 457 2613 Μ.
488 2589 632 2631 „quae
661 2573 933 2619 inveniuntur
971 2576 1015 2617 in
1054 2573 1302 2624 manifesto,
1345 2585 1492 2615 secun-

97 2643 169 2670 um
196 2633 206 2652 ‘
238 2639 315 2671 etc.

182 2698 226 2755 2)
261 2698 346 2740 Cfr.
381 2699 539 2741 Cantic.
570 2701 634 2752 II,
663 2702 701 2746 9.
822 2703 866 2758 3)
896 2702 1051 2745 Psalm.
1081 2700 1254 2751 XXIX,
1282 2699 1321 2742 9·

183 2766 227 2823 ⁴²)
256 2768 358 2810 Mss.
391 2770 569 2820 „Deum
600 2771 769 2816 decet.“
826 2773 945 2816 Libri
976 2772 1078 2816 editi
1110 2772 1168 2828 (ν.
1201 2787 1236 2812 c.
1269 2769 1365 2812 edd.
1387 2768 1470 2824 Μ.)

70 2823 281 2877 ,JDomini
318 2826 490 2892 dece—tf‘
547 2827 598 2868 R.
