1734 3112
234 65 291 109 88
526 64 747 107 OmGEms
778 75 822 104 m
854 61 1036 105 CAN'ric.
1070 62 1373 105 CANTmonUM

239 187 380 218 erunt:
411 187 455 217 ut
485 191 760 233 unaquaeque
790 174 970 227 maligna
1001 174 1130 216 virtus
1163 187 1204 215 et
1234 175 1397 225 dolosa,
1428 189 1504 230 per
1535 190 1660 230 quam

237 253 510 310 deceptiones
550 265 591 294 et
634 253 802 294 fraudes
840 252 968 292 salsae
1006 250 1203 291 scientiae
1243 251 1507 292 introductae
1551 262 1660 299 sunt,

235 331 465 384 figuraliter
498 330 646 387 vulpes
677 330 966 386 appellentur:
1001 328 1098 383 et¹)
1131 328 1196 378 hi,
1229 329 1300 384 qui
1332 329 1372 369 in
1404 329 1513 368 hunc
1545 344 1660 368 erro—

235 424 326 449 rem
367 409 653 458 deducuntur,
692 419 732 447 et
774 406 927 447 nolunt
957 405 1223 461 acquiescere
1263 406 1367 447 sanis
1397 404 1662 446 sermonibus

234 485 413 526 Domini
442 485 575 526 nostri
603 486 704 526 Jesu
736 483 912 532 Christi,
945 494 985 522 et
1016 482 1255 533 doetrinae,
1294 500 1399 539 quae
1429 483 1662 523 secundum

234 562 433 618 pietatem
467 575 541 612 est,
571 563 644 603 sed
676 560 815 616 decipi
845 576 887 600 se
919 559 1138 616 patiuntur
1165 577 1188 601 a
1217 560 1384 612 talibus,
1415 560 1483 601 isti
1512 559 1660 600 talium

235 652 375 696 partes
405 640 598 695 vulpium
627 639 751 687 fient,
798 649 839 678 et
869 637 1107 678 introibunt
1148 655 1243 678 cum
1286 637 1336 678 iis
1377 637 1419 678 in
1460 636 1661 678 inferiora

234 728 381 759 terrae.
441 718 528 773 lpsi
557 728 653 757 sunt
684 726 725 755 et
754 713 831 763 illi,
862 713 905 754 in
940 714 1091 770 quibus
1121 716 1351 756 secundum
1383 714 1660 767 Evangelium

237 793 384 849 vulpes
413 793 536 843 istae,
576 809 676 850 quas
706 808 832 848 supra
861 793 1211 842 memoravimus,
1242 794 1385 833 foveas
1415 792 1567 832 habere
1599 788 1662 831 di·

236 872 470 925 cuntur2),
507 871 549 911 in
583 870 734 927 quibus
765 869 879 910 filius
907 869 1089 910 hominis
1119 886 1207 910 non
1246 870 1393 919 habet,
1430 869 1504 910 uhi
1536 880 1662 925 caput

236 965 359 989 suum
388 948 579 989 reclinet.
627 947 846 988 Herodem
878 963 1049 1002 quoque
1082 946 1255 1002 vulpem
1286 947 1550 988 nominatum
1579 963 1660 1003 pro

235 1027 377 1067 fallaci
410 1026 639 1067 calliditate
671 1025 929 1065 credendum
962 1035 1035 1065 est.
1082 1025 1249 1081 Nam³)
1282 1026 1332 1066 de
1365 1026 1558 1074 Samson,
1589 1023 1661 1080 qui

233 1115 438 1144 trecentas
469 1103 616 1158 vulpes
648 1101 831 1158 cepisse,
871 1113 912 1142 et
951 1101 1168 1154 colligasse
1208 1119 1286 1158 per
1325 1103 1500 1152 caudas,
1535 1113 1660 1157 atque

234 1179 490 1237 interjecisse
520 1179 734 1235 lampades
764 1179 956 1220 ardentes
986 1179 1029 1219 in
1060 1179 1201 1220 medio
1246 1181 1496 1229 caudarum,
1534 1191 1659 1236 atque

233 1257 456 1298 immisisse
499 1274 578 1313 per
620 1272 774 1297 messes
813 1256 1169 1314 Allophylorum,
1221 1269 1262 1298 et
1306 1257 1541 1298 incendisse
1591 1273 1658 1298 eas

236 1351 331 1375 cum
361 1334 528 1390 stipulis
559 1345 600 1374 et
631 1332 800 1374 olivetis
833 1332 1048 1389 vineisque
1079 1347 1359 1385 memoratur,
1401 1335 1525 1376 valde
1557 1334 1661 1375 mihi

234 1411 421 1453 difficilis
465 1413 628 1453 formae
678 1408 800 1467 hujus
855 1410 924 1450 vel
981 1410 1139 1463 figurae
1184 1411 1351 1454 videtur
1408 1413 1659 1468 explanatio.

234 1489 464 1531 Tentemus
494 1500 636 1529 tamen
660 1486 799 1543 aliqua
830 1503 878 1528 ex
907 1487 971 1528 his
1000 1488 1169 1543 pulsare
1199 1504 1278 1544 pro
1311 1488 1482 1539 viribus,
1515 1502 1556 1531 et
1583 1507 1664 1547 po-

199 1576 211 1582 *
233 1583 402 1616 namus,
448 1566 556 1607 sicut
601 1564 808 1621 expositio
854 1577 997 1606 nostra
1043 1565 1083 1606 in
1129 1565 1419 1622 superioribus
1458 1567 1661 1618 continet,

231 1646 386 1700 vulpes
416 1660 503 1684 esse
534 1643 719 1692 fallaces,
748 1658 1054 1699 perversosque
1087 1643 1297 1685 doctores.
1347 1644 1438 1686 Hos
1468 1645 1660 1696 Samson,

235 1722 307 1777 qui
338 1720 424 1761 veri
458 1732 498 1760 et
527 1720 664 1760 fidelis
694 1719 920 1772 imaginem
950 1732 1066 1761 tenet
1097 1721 1299 1772 doctoris,
1330 1722 1497 1778 capiens
1527 1723 1658 1763 verbo

232 1797 439 1847 veritatis,
472 1798 645 1838 caudam
676 1798 729 1837 ad
760 1797 932 1837 caudam
967 1798 1158 1849 colliget,
1204 1799 1248 1839 id
1282 1811 1365 1849 est,
1395 1800 1661 1842 adversantes

231 1875 326 1927 sibi,
357 1875 454 1931 et⁴)
486 1874 647 1915 diversa
676 1889 699 1914 a
728 1890 771 1914 se
801 1873 983 1914 invicem
1007 1875 1232 1915 sentientes
1256 1877 1541 1932 docentesque
1561 1894 1660 1918 con-

233 1956 365 2004 futet,
394 1965 518 2009 atque
551 1969 598 1992 cx
628 1951 819 2006 ipsorum
850 1951 987 1992 verbis
1017 1951 1332 2007 propositiones
1365 1953 1658 1995 collectiones-

234 2047 316 2088 que
353 2029 580 2086 accipiens,
621 2028 664 2069 in
706 2030 1040 2087 Allophylorum
1080 2041 1262 2081 segetem
1303 2028 1444 2082 ignem
1486 2032 1657 2072 conclu·
1699 2082 1709 2093 l

231 2108 361 2150 sionis
402 2107 589 2157 emittat,
634 2118 675 2147 et
719 2123 766 2146 ex
811 2105 996 2162 propriis
1036 2122 1184 2146 eorum
1221 2107 1473 2159 argumentis
1512 2125 1656 2150 omnes

234 2203 382 2227 eorum
419 2185 580 2225 fructus
615 2195 741 2240 atque
783 2183 922 2224 vineas
963 2195 1003 2224 et
1045 2183 1203 2224 oliveta
1242 2184 1447 2239 pessimae
1487 2202 1657 2238 genera-

230 2263 360 2304 tionis
399 2262 606 2303 incendat.
676 2261 762 2303 Sed
803 2272 844 2301 et
882 2261 971 2316 ipse
1009 2277 1206 2301 numerus
1245 2273 1526 2304 trecentarum
1565 2265 1658 2304 vul-

230 2341 374 2397 pium,
415 2356 521 2396 quae
562 2355 585 2379 a
620 2348 754 2379 semet
781 2337 882 2394 ipsis
921 2338 1109 2380 diversae
1148 2350 1189 2379 et
1229 2338 1487 2382 dissonantes
1525 2353 1654 2392 crant,

230 2418 445 2474 triplicem
474 2418 656 2458 formam
686 2415 873 2456 indicant
901 2427 1188 2472 peccatorum.
1245 2416 1384 2459 Omne
1415 2417 1528 2459 enim
1556 2435 1657 2474 pec-

233 2508 370 2537 catum
401 2506 472 2536 aut
499 2494 543 2534 in
571 2495 705 2543 facto,
737 2505 807 2534 aut
837 2493 880 2534 in
909 2494 1064 2544 verbo,
1095 2506 1166 2535 aut
1195 2493 1236 2534 in
1269 2510 1474 2536 consensu
1503 2495 1654 2537 mentis

351 2658 392 2714 ¹)
425 2657 558 2698 Deest
588 2660 684 2705 „et“
715 2654 759 2695 in
791 2654 886 2694 edd.
918 2654 978 2696 ΪΜ.
1070 2654 1114 2709 ²)
1148 2655 1233 2697 Cfr.
1266 2654 1553 2706 Matth.VIIl',
1584 2656 1649 2699 20.

345 2729 390 2784 3)
418 2728 528 2768 Edd.
558 2726 619 2767 M.
651 2725 795 2775 „Nam
829 2724 863 2765 si
893 2725 1071 2766 Samson
1100 2730 1343 2766 trecentas“
1375 2737 1451 2767 etc.

350 2798 392 2854 ⁴)
421 2797 530 2839 Edd.
562 2796 623 2838 M.
659 2808 734 2847 „et
764 2796 960 2837 adversus
991 2812 1031 2836 se
1064 2795 1283 2837 invicem“
1315 2807 1392 2838 etc.
