1734 3112
658 99 801 140 Lmen
831 99 911 141 III.
1453 105 1509 150 39

81 210 268 254 Christus
298 209 546 264 agnoscitur.
605 208 752 252 Primo
794 209 908 253 enim
946 226 1097 253 vocem
1136 227 1253 254 suam
1292 216 1509 269 praemisit·

79 305 157 345 per
184 289 430 346 prophetaS,
473 299 515 329 et
545 304 641 330 cum
669 305 758 331 non
789 289 1030 340 videretur,
1072 289 1322 332 audiebatur
1350 303 1505 337 tamen.

80 366 343 409 Audiebatur
372 377 511 408 autem
540 382 619 422 per
648 383 709 418 ea,
740 383 846 424 quae
877 367 1229 410 annuntiabantur
1259 370 1311 410 de
1343 386 1417 412 eo:
1465 384 1506 413 et

80 444 241 487 tamdiu
269 460 434 500 sponsa,
465 443 509 485 id
540 456 615 495 est,
646 445 834 495 ecclesia,
865 459 971 501 quae
993 445 1044 485 ab
1068 444 1192 487 initio
1217 446 1374 489 saeculi
1405 465 1506 489 con-

79 523 344 576 gregabatur‚
381 523 516 564 solam
546 538 697 564 vocem
735 521 823 580 ejus
854 521 1036 573 audivit,
1088 539 1219 580 usque
1250 541 1335 581 quo
1368 524 1506 566 oculis

79 600 164 643 suis
196 616 293 641 eum
322 599 507 651 videret,
550 611 592 641 et
621 599 799 642 diceret:
847 616 984 651 „ecce
1003 599 1067 657 ¹),
1109 600 1177 642 hic
1207 601 1323 643 venit
1350 602 1502 644 saliens

79 694 204 735 super
232 689 419 729 montes,
446 677 683 720 transiliens
714 694 841 735 super
870 678 1054 720 colles.“
1112 678 1301 721 Saliebat
1315 681 1358 738 ²)
1390 680 1502 722 enim

78 773 204 814 super
231 755 507 814 propheticos
536 767 717 808 montes,
749 767 790 798 et
818 767 983 799 sanctos
1015 756 1167 808 colles,
1199 757 1298 799 illos
1327 757 1521 810 scilicet‚'

77 834 150 892 qui
190 834 233 876 in
273 835 355 877 hoc
390 836 550 877 mundo
589 834 814 888 imaginem
851 833 939 892 ejus
975 835 1243 893 formamque
1279 848 1505 889 gesserunt.

75 913 163 955 Sed
193 924 235 954 et
263 911 298 954 si
328 912 372 954 in
401 912 621 970 Apostolis
652 928 748 955 eum
777 928 933 969 ponas,
972 912 1089 969 quasi
1118 912 1163 954 in
1192 913 1409 956 montibus
1439 930 1503 956 sa-

75 991 249 1033 lientem
280 1002 322 1032 et
350 992 607 1033 eminentem
639 991 817 1042 cunctis,
868 1003 910 1033 et
938 990 981 1032 in
1013 990 1195 1032 collibus
1225 991 1502 1034 nihilominus

74 1068 137 1111 his
168 1069 378 1120 duntaxat,
411 1069 482 1125 qui
511 1070 698 1111 secundo
730 1069 829 1113 loco
863 1068 988 1112 electi
1018 1070 1070 1110 ab
1102 1085 1152 1110 eo
1177 1081 1219 1110 et
1249 1069 1365 1111 missi
1393 1081 1504 1121 sunt,

74 1163 161 1190 non
191 1146 271 1189 erit
307 1147 619 1190 inconveniens.
679 1148 729 1190 In
768 1148 832 1191 his
874 1148 987 1190 enim
1025 1146 1174 1189 similis
1213 1147 1397 1189 efficitur
1437 1165 1504 1190 ca-

76 1241 223 1284 preae,
264 1237 306 1268 et
335 1225 511 1268 hinnulo
544 1242 778 1269 cervorum.
842 1226 1053 1283 Capreae,
1093 1227 1209 1282 quod
1240 1242 1412 1268 omnem
1442 1225 1504 1267 vi·-

75 1322 171 1347 sum¹
197 1303 307 1346 visus
340 1302 426 1362 ejus
458 1305 691 1362 praecellit.
752 1305 808 1347 Et
849 1320 997 1356 cervo,
1038 1305 1155 1361 quod
1192 1304 1244 1345 ad
1282 1303 1501 1345 interitum

74 1383 277 1440 serpentis
307 1382 487 1425 advenit.
538 1384 625 1425 Sed
659 1383 756 1439 et3)
788 1398 1062 1438 unaquaeque
1095 1381 1245 1432 anima,
1280 1407 1325 1415 —-
1357 1382 1391 1422 si
1421 1398 1505 1439 qua

74 1474 214 1504 tamen
236 1472 309 1512 est,
331 1477 436 1518 quae
459 1460 579 1502 verbi
595 1461 679 1502 Dei
700 1476 845 1502 amore
866 1459 1254 1512 constringitur—‚
1272 1459 1307 1500 si
1331 1460 1500 1515 quando

76 1540 118 1582 in
148 1538 434 1597 disputatione
464 1538 670 1582 sermonis
709 1549 771 1580 est
808 1537 967 1595 posita,
1005 1549 1052 1579 ut
1079 1537 1200 1580 novit
1231 1536 1390 1589 omnis,
1431 1535 1506 1594 qui

191 1715 232 1771 ¹)
264 1713 423 1757 Cantic.
453 1715 510 1766 II,
539 1714 579 1758 8.

189 1786 234 1841 2)
265 1785 503 1842 Procopius
536 1801 583 1826 ex
616 1785 826 1839 Origene:
862 1782 927 1829 ”H
961 1788 1039 1830 καὶ
1072 1781 1152 1845 ὅρη
1183 1782 1287 1835 τούς
1315 1783 1506 1844 προφή-

75 1874 150 1907 τας
175 1860 318 1915 φησὶν
349 1857 530 1913 ἀρτίους
556 1859 620 1912 τῷ
653 1855 940 1916 φρονήματι,
997 1859 1090 1901 τῶν
1121 1856 1355 1911 ἀληθινῶν
1383 1862 1509 1901 θεωω

75 1926 225 1987 ρητάς.
296 1924 438 1988 Οἶμαι
479 1928 529 1972 δὲ
577 1930 655 1971 καὶ
702 1927 806 1978 τοὺς
852 1926 1158 1978 ἀποστόλους·
1205 1927 1306 1972 ἐπεὶ
1348 1927 1509 1983 ,,κατο“ι

73 1998 241 2057 γενεὰν
270 1998 297 2055 ἡ
330 2003 476 2058 σοφία
507 2002 568 2048 εἰς
600 1998 752 2056 ψυχὰς
788 2001 1111 2058 μεταβαίνει.“
1160 1995 1271 2057 ’Όρη
1303 2000 1378 2054 δὲ,
1405 1999 1507 2043 ἐπεὶ

75 2070 395 2121 ἀνατέλλοντος
432 2068 562 2127 ἡλίου
589 2073 747 2129 πρῶτα
777 2069 1178 2130 καταλάμπονται’
1229 2067 1422 2126 βουνοὺς
1453 2069 1506 2113 δὲ

75 2141 175 2191 τούς
212 2143 398 2186 ἔλαττον
428 2138 730 2199 χωρήσαντας
769 2141 851 2197 τὴν
903 2144 981 2186 τοῦ
1020 2138 1283 2200 πνεύματος
1322 2139 1502 2199 ἐπιφά-

75 2228 212 2257 νειαν.
271 2216 441 2271 Λέγοις
480 2211 525 2256 δ
548 2209 607 2256 οἷν
645 2216 722 2256 καὶ
761 2209 866 2275 ὅρη,
910 2212 964 2258 τὰ
1005 2213 1056 2258 ἓν
1092 2210 1219 2270 νόμω
1264 2211 1498 2272 νοήματα

75 2281 268 2340 βουνοὺς
306 2285 357 2328 δὲ
397 2301 452 2327 τα
483 2286 573 2327 τῶν
600 2287 777 2329 λοιπῶν
805 2285 1072 2344 προφητῶν
1122 2279 1189 2327 ’Ἠ
1213 2284 1291 2327 καὶ
1322 2280 1345 2326 ὁ
1377 2289 1500 2328 θεω-

77 2353 214 2413 ρήσας
243 2352 322 2398 τὸν
350 2355 400 2399 ἐν
430 2359 561 2417 καινῆ
594 2355 790 2418 διαθήκη
830 2352 994 2413 λόγον,
1034 2357 1189 2411 βλέπει
1221 2352 1303 2398 τὸν
1333 2354 1410 2398 ἐπὶ
1441 2352 1494 2398 πὶ

77 2421 158 2485 ὅρη
198 2425 435 2479 πηδῶντα,
476 2426 554 2470 ἐπὶ
591 2427 641 2470 δὲ
680 2424 784 2475 τοὺς
819 2424 1012 2482 βουνοὺς
1047 2422 1373 2482 ὃιαλλόμενον,
1420 2425 1503 2470 τὸν

77 2496 129 2540 ἓν
157 2497 219 2552 τῷ
250 2498 429 2551 παλαιῷ
459 2493 710 2554 γράμματι.
757 2498 919 2557 Νεβρῷ
951 2496 1002 2541 δὲ
1031 2494 1220 2555 ἐλάφων
1246 2495 1268 2541 ὁ
1300 2502 1501 2556 νυμφίος

78 2567 364 2620 ἀπείκασται,
397 2565 450 2609 οὐ
470 2563 618 2622 μόνον
641 2567 700 2617 ὠς
720 2567 980 2612 ἀναλίσκων
1012 2566 1115 2618 τοὺς
1134 2563 1277 2625 ὄφεις,
1311 2567 1402 2611 ἀλλ’
1429 2566 1498 2612 ὅτι

78 2639 155 2681 καὶ
194 2637 427 2693 ,,παιδίον
456 2636 680 2694 ἐγεννήθη
719 2637 853 2695 ἡμῖν,
894 2636 989 2688 υἱὸς
1022 2641 1100 2682 καὶ
1137 2637 1278 2694 ἐδόθη
1316 2636 1500 2694 ἡμῖν-ί(

79 2710 156 2750 καὶ
193 2705 261 2751 ὅτι
299 2707 645 2762 ,,ἐταπείνωσεν
691 2707 914 2765 ἕαυτόν.“
974 2706 1040 2752 ’H
1081 2706 1171 2768 γὰρ
1220 2706 1279 2753 ἂν
1325 2709 1495 2764 ἔλαφος

80 2775 251 2836 ὑπῆρχε
281 2780 439 2821 τελεία.
501 2779 680 2819 Ruaeus.

194 2847 238 2903 3)
266 2847 400 2889 Deest
428 2853 541 2900 ‚‚et“
572 2846 614 2888 in
645 2846 711 2890 ed.
742 2847 888 2892 Ruaei.
