1734 3112
261 104 314 150 10
553 108 774 153 Omossms
803 124 849 153 m
878 111 1059 156 CAN-nc.
1093 113 1396 157 CAuncoimM

258 236 300 259 se
330 219 537 262 morsibus
567 221 608 262 in
639 222 781 264 medio
811 224 1026 281 spinarum
1055 224 1192 282 posita
1225 224 1397 267 dicatur.
1461 226 1592 281 Quod
1633 240 1672 270 et

258 296 384 351 magis
423 298 636 341 videbitur
673 300 914 343 verosimile
957 319 1035 359 pro
1076 318 1151 353 eo,
1194 303 1310 359 quod
1357 303 1481 344 dicit:
1531 304 1682 362 ‚,ita¹)

256 375 446 431 proxima
485 393 579 418 mea
615 377 658 419 in
697 378 840 419 medio
879 378 1113 421 filiarum.“
1173 380 1269 421 Non
1310 381 1421 422 enim
1461 381 1568 423 filias
1611 399 1683 438 ap-

254 454 451 510 pellasset
480 455 572 497 illas
603 455 771 506 animas,
803 473 908 512 quae
939 473 1153 514 nunquam
1188 457 1362 500 omnino
1395 471 1598 500 venerunt
1627 461 1681 500 ad

255 533 524 575 credendum.
578 534 737 576 Omnes
769 550 867 587 ergo
899 534 1097 576 haeretici
1127 534 1268 592 primo
1300 536 1353 577 acl
1384 536 1679 578 credulitatem

254 610 438 661 veniunt,
459 623 499 653 et
520 623 618 668 post
647 612 748 653 haec
769 613 822 653 ab
844 611 992 653 itinere
1022 611 1124 653 fidei
1155 623 1197 654 et
1227 614 1472 666 dogmatum
1504 614 1681 656 veritate

251 688 336 729 Dei
366 688 590 730 declinant.
637 689 757 731 Sicut
789 701 831 730 et
860 691 1045 732 Joannes
1076 690 1295 746 apostolus
1326 690 1368 732 in
1401 691 1581 747 epistola
1610 708 1683 732 sua
1730 733 1733 744 1

252 765 374 807 dicit:
421 766 528 823 „qui
547 767 587 822 2)
621 783 643 809 a
683 766 806 809 nobis
838 767 1049 819 exierunt,
1091 769 1165 809 sed
1195 784 1281 810 non
1322 779 1437 810 erant
1467 785 1515 810 ex
1545 767 1679 811 nohis.

251 846 357 885 Nam
387 844 420 885 si
451 843 624 885 fuissent
657 861 704 886 ex
734 846 871 896 nobis,
900 845 1224 903 permansissent
1250 845 1397 903 utique
1414 846 1678 888 nobiscum.·‘

250 922 477 963 Possumus
494 933 633 964 autem
650 934 692 964 et
714 923 766 965 ad
795 940 1136 981 unamquamque
1155 923 1336 966 animam
1368 924 1411 965 id
1438 924 1680 974 referentes,

249 997 346 1040 huic
377 999 550 1056 quidem
581 1000 756 1051 animae,
788 1017 893 1057 quae
916 1018 995 1057 pro
1022 1001 1292 1058 simplicitate
1324 1001 1387 1043 sui
1419 1013 1460 1043 et
1488 1001 1678 1057 planitie,

251 1077 316 1117 vel
347 1077 556 1134 aequitate
588 1095 758 1136 campus
789 1079 874 1120 dici
904 1091 1060 1135 potest,
1090 1080 1241 1120 florem
1269 1078 1361 1120 fieri
1387 1079 1562 1119 verbum
1579 1077 1678 1130 Dei,

250 1166 291 1195 et
321 1155 438 1197 initia
477 1158 690 1198 bonorum
732 1173 912 1214 operum
952 1158 1120 1199 docere.
1179 1155 1257 1198 His
1297 1172 1421 1207 vero,
1465 1156 1537 1213 qui
1577 1172 1678 1212 pro·
1732 1205 1734 1219 2

247 1233 443 1275 fundiora
473 1234 555 1292 jam
587 1247 806 1292 quaerunt,
837 1247 879 1277 et
911 1235 1171 1277 demersiora
1202 1245 1451 1285 scrutantur,
1486 1233 1603 1290 quasi
1635 1233 1676 1274 in
1732 1233 1734 1240 ¹

246 1311 509 1354 convallibus
549 1313 617 1354 vel
655 1330 734 1370 pro
775 1312 963 1355 claritate
1003 1312 1254 1370 pudicitiae,
1301 1312 1365 1353 vel
1397 1328 1475 1368 pro
1508 1312 1674 1364 fulgore

244 1388 472 1444 sapientiae
506 1390 690 1431 efficitur
720 1390 872 1441 lilium,
902 1403 949 1432 ut
981 1403 1022 1433 et
1051 1391 1133 1447 ipsi
1162 1391 1264 1432 fiant
1294 1389 1383 1431 lilia
1410 1388 1673 1445 erumpentia

245 1467 297 1506 de
328 1466 472 1508 medio
503 1468 730 1524 spinarum,
761 1468 805 1509 id
838 1480 912 1519 est,
943 1469 1208 1523 fugientes3)
1233 1467 1507 1522 cogitationes
1530 1479 1571 1507 et
1592 1467 1677 1507 sol-

243 1544 486 1587 licitudines
517 1546 772 1598 saeculares,
819 1563 925 1603 quae
955 1546 1085 1603 spinis
1122 1545 1165 1587 in
1204 1544 1423 1599 evangelio
1457 1560 1675 1600 compara-

247 1633 313 1663 tae
343 1634 451 1665 sunt.

298 1717 303 1722 ‘
357 1700 516 1751 „Sicut
532 1701 575 1757 ⁴)
608 1701 734 1741 arbor
763 1700 865 1742 mali
897 1700 1006 1742 inter
1037 1700 1147 1754 ligna
1176 1700 1327 1752 silvae,
1378 1701 1434 1741 ita
1467 1701 1674 1741 fraternus

242 1794 360 1819 meus
402 1777 511 1819 inter
548 1779 737 1820 medium
777 1778 979 1819 filiorum.
1042 1780 1091 1820 In
1131 1779 1280 1820 umbra
1321 1777 1410 1835 ejus
1449 1777 1674 1834 concupivi

244 1868 286 1897 et
315 1855 425 1906 sedi,
458 1867 498 1896 et
530 1858 690 1898 fructus
722 1856 810 1914 ejus
842 1855 977 1897 dulcis
1009 1856 1050 1898 in
1081 1857 1273 1898 faucibus
1303 1856 1421 1897 meis.
1434 1862 1458 1881 “
1518 1855 1674 1897 Decuit

242 1934 414 1991 quidem
451 1922 655 1991 sponsum
698 1946 739 1976 et
780 1936 832 1976 de
863 1945 996 1976 semet
1026 1934 1119 1990 ipso
1152 1934 1316 1985 dicere,
1361 1934 1462 1991 quid
1493 1946 1599 1975 esset
1630 1934 1673 1974 in

243 2029 408 2069 campo,
440 2012 542 2069 quid
575 2012 699 2053 etiam
730 2011 772 2052 in
805 2013 1091 2054 convallibus:
1123 2024 1165 2054 et
1197 2014 1248 2054 de
1279 2029 1445 2069 sponsa,
1476 2028 1580 2068 quae
1612 2028 1673 2053 es-

242 2103 326 2143 set,
371 2091 439 2132 vel
470 2090 604 2147 qualis
645 2089 755 2131 inter
785 2101 941 2149 ceteras
969 2089 1078 2132 filias
1107 2091 1345 2134 haberetur.
1404 2090 1670 2147 Sponsam⁵)

363 2301 401 2358 ¹)
434 2300 592 2344 Cantic.
624 2301 680 2351 II,
710 2299 749 2343 2.
871 2301 912 2358 ²)
945 2303 1130 2344 IJoann.
1164 2303 1220 2353 ΙῘ,
1252 2302 1318 2347 19.

359 2372 402 2427 ³)
433 2372 543 2414 Edd.
574 2373 635 2414 M.
668 2378 985 2429 „pungentes.“
1106 2374 1149 2428 4)
1184 2373 1342 2415 Cantic.
1375 2373 1429 2422 ΙΙ,
1459 2373 1498 2417 3.

360 2443 401 2498 ⁵)
432 2442 671 2498 Procopius
713 2459 760 2484 ex
805 2443 1013 2497 Origene:
1057 2440 1258 2502 ’Έπρεπε
1297 2448 1347 2506 τῇ
1389 2443 1550 2506 νύμφῃ
1588 2447 1667 2489 τοῦ

241 2512 434 2563 κάλλους
473 2511 552 2573 ὅλῃ
590 2516 669 2557 τοῦ
712 2517 918 2572 νυμφίου
957 2518 1237 2575 γεγενημένῃ
1274 2519 1380 2573 περὶ
1418 2516 1553 2571 αὐτῆς
1589 2519 1666 2560 λέ-

241 2601 342 2643 γειν
368 2584 456 2642 μὲν
488 2583 651 2641 οὐδὲν,
691 2581 804 2639 πρὸς
837 2578 903 2633 οἷς
932 2585 984 2630 δε
1016 2583 1038 2628 ὁ
1073 2590 1272 2644 νυμφίος
1301 2586 1392 2644 ἔφη
1421 2588 1525 2645 περὶ
1555 2586 1664 2630 ἑαυ-

240 2659 347 2712 τοῦ,
398 2652 530 2714 μήλῳ
568 2650 880 2711 παραβάλλειν
925 2653 1086 2712 αὐτὸν,
1135 2655 1236 2706 τοὺς
1284 2658 1387 2714 παρ’
1433 2654 1575 2701 αὐτὸν
1613 2658 1665 2701 δὲ

242 2724 367 2776 υἱοὺς
408 2723 554 2777 ξύλοις
592 2726 793 2784 δρυμοῦ·
842 2723 1067 2786 ὑπερβολῇ
1107 2727 1157 2771 δὲ
1200 2729 1277 2771 τοῦ
1316 2723 1468 2770 πόθου
1507 2725 1557 2769 τὸ
1588 2730 1665 2770 καὶ

241 2801 370 2847 σκιᾶς
400 2799 645 2852 ἐπιθυμεῖν
682 2797 756 2849 τῆς
787 2795 948 2851 αὐτοῦ,
995 2801 1071 2841 καὶ
1099 2800 1410 2857 παραπέμψαι
1439 2799 1499 2855 τῷ
1527 2795 1665 2853 βάθει

241 2866 324 2928 τὴν
354 2864 515 2919 ςιούτου
546 2863 775 2921 ποιότητα.
825 2863 976 2912 ’Ἑοικε
1016 2868 1066 2912 δὲ
1096 2871 1237 2912 ταῦτα
1266 2871 1415 2926 λέγειν
1443 2867 1558 2929 πρὸς
1587 2869 1664 2921 τὰς
