1763 3112
583 54 780 97 HomlmA
810 53 931 94 XXI.
1392 54 1471 100 411

57 174 94 214 ei
126 172 368 214 acciderunt
397 180 494 225 post
526 168 753 224 prophetas
781 166 837 206 ob
860 165 916 215 id,
949 164 1045 221 quia
1062 165 1253 207 insidiata
1279 166 1330 207 sit
1355 166 1474 208 Chri-

54 260 132 292 sto.
193 247 262 290 Sic
292 245 408 286 finita
440 257 500 287 est
530 243 657 300 primi
689 243 864 300 capituli
895 242 1164 285 continentia.

167 323 205 367 7.
235 323 463 364 Videamus
495 335 536 364 et
580 333 737 363 cetera:
781 314 970 377 ,‚calix¹)
1013 337 1160 362 aureus
1196 320 1394 379 Babylon
1435 321 1478 362 in

53 419 179 444 manu
208 400 306 450 Dei,
338 399 545 441 inebrians
578 415 747 441 omnem
779 410 943 440 terram.
1002 401 1070 440 De
1113 399 1211 440 vino
1243 397 1330 455 ejus
1360 398 1479 439 bibe-

53 491 150 523 runt
181 490 344 532 gentes:
375 490 553 535 propter
579 478 661 518 hoc
694 489 931 518 commotae
955 488 1049 518 sunt
1080 488 1234 530 gentes,
1267 487 1308 517 et
1337 475 1476 517 subito

57 556 209 598 cecidit
238 554 447 613 Babylon,
481 567 521 596 et
552 554 729 596 contrita
762 560 863 596 est.“
909 556 1307 597 Nabuchodonosor
1333 555 1478 595 volens

54 634 250 691 decipere
290 632 482 673 homines
520 648 598 688 per
638 631 811 673 calicem
849 632 1080 692 Babylonis
1130 633 1347 682 dolosum,
1392 648 1479 674 non

52 711 222 755 miscuit
253 711 298 751 in
328 726 422 751 vase
453 708 594 759 fictili,
627 711 743 766 quod
773 712 944 767 parabat
973 709 1134 767 potari,
1167 711 1241 751 sed
1269 726 1406 767 neque
1436 709 1480 752 in

52 791 180 847 paulo
213 787 418 838 meliore,
462 798 503 828 et
534 802 657 828 aereo
690 805 803 839 vase,
845 790 912 830 vel
941 788 1136 838 stanneo‘,
1179 799 1220 829 et
1253 789 1370 844 quod
1399 787 1478 830 ista

53 865 274 924 praecellit
304 877 522 918 argenteo:
556 881 702 907 verum
733 866 888 920 eligens
920 882 990 907 vas
1021 880 1208 914 aureum,
1241 865 1283 906 in
1315 881 1365 906 eo
1396 881 1476 922 po-

0 935 1 938 *
55 945 198 986 culum
227 943 500 999 temperavit,
539 954 588 983 ut
617 943 708 999 quis
739 943 884 984 videns
917 944 1115 984 decorem
1146 943 1249 992 auri,
1283 944 1385 984 dum
1414 960 1479 985 ra-

52 1022 201 1065 diantis
237 1020 400 1063 metalli
438 1020 755 1076 pulchritudine
800 1022 1054 1072 delectatur,
1101 1032 1142 1062 et
1189 1030 1304 1061 totus
1346 1020 1480 1062 oculis

52 1102 197 1142 haeret
226 1098 270 1141 in
301 1097 464 1155 specie,
503 1114 591 1140 non
631 1099 870 1140 consideret
910 1098 1012 1155 quid
1051 1098 1301 1140 intrinsecus
1333 1099 1481 1149 latitet,

53 1190 94 1220 et
124 1177 331 1233 accipiens
365 1175 537 1217 calicem
567 1176 686 1218 hibat
713 1176 902 1218 nesciens
935 1176 1109 1218 calicem
1133 1177 1482 1218 Nabuchodono-

51 1273 133 1307 sor,
164 1254 404 1307 intelligens
446 1265 586 1295 autem
618 1254 791 1296 calicem
830 1270 1003 1295 aureum
1031 1253 1076 1295 in
1105 1255 1315 1310 praesenti
1344 1256 1483 1297 nomi-

49 1346 206 1376 natum.
283 1332 370 1374 Sed
400 1330 703 1374 animadvertas
742 1331 1025 1389 pessimorum
1063 1334 1311 1386 dogmatum
1354 1335 1482 1376 verba

48 1411 266 1452 mortifera
297 1408 465 1465 qualem
494 1410 675 1450 habeant
716 1409 1097 1466 compositionem,
1143 1412 1311 1467 qualem
1355 1413 1482 1453 deco-

48 1507 138 1530 rem
182 1486 470 1545 eloquentiae,
519 1488 686 1543 qualem
734 1506 876 1529 rerum
924 1488 1196 1531 divisionem:
1241 1506 1481 1544 cognosces,

55 1568 273 1624 quomodo
305 1564 594 1622 unusquisque
625 1578 870 1622 poetarum,
916 1566 987 1623 qui
1029 1580 1234 1624 putantur
1265 1571 1377 1625 apud
1408 1586 1484 1611 vos

53 1643 326 1693 disertissimi,
359 1643 534 1684 calicem
564 1660 738 1686 aureum
757 1645 1129 1703 temperaverit‚²)
1164 1658 1204 1688 et
1234 1647 1278 1687 in
1309 1647 1482 1688 calicem

52 1740 226 1765 aureum
256 1736 464 1763 venenum
496 1720 687 1778 injecerit
717 1723 1001 1776 idololatriae,
1035 1736 1076 1766 et
1106 1741 1317 1766 venenum
1347 1725 1482 1781 turpi-

51 1801 201 1858 loquii,
233 1817 440 1841 venenum
473 1816 634 1850 eorum,
669 1818 774 1857 quae
805 1802 985 1844 animam
1010 1803 1192 1844 hominis
1219 1803 1481 1854 interimunt,

47 1881 318 1933 dogmatum,
360 1895 569 1919 venenum
609 1878 703 1919 falsi
744 1868 927 1922 nominis
965 1880 1175 1922 scientiae.
1247 1883 1333 1925 Sed
1362 1899 1480 1924 meus

43 1958 163 2000 Jesus
190 1968 336 1999 contra
366 1955 481 2006 fecit,
513 1955 644 1996 sciens
676 1972 850 1998 aureum
883 1957 1060 1999 calicem
1091 1960 1250 2011 zabuli,
1284 1972 1325 2002 et
1355 1977 1479 2018 prae-

46 2052 212 2086 cavens,
259 2051 312 2076 ne
349 2033 498 2091 aliquis
542 2034 595 2074 ad
629 2034 757 2075 fidem
788 2051 905 2077 suam
955 2036 1151 2088 veniens,
1197 2038 1481 2095 suspicaretur

47 2114 171 2155 etiam
212 2112 368 2155 Christi
403 2113 532 2153 talem
569 2128 658 2153 esse
690 2113 890 2164 calicem,
931 2116 1100 2170 qualem
1143 2133 1230 2157 esse
1277 2117 1476 2174 requirat,

46 2203 87 2233 et
126 2208 204 2248 per
238 2190 558 2232 similitudinem
597 2191 795 2233 materiae
826 2191 1078 2234 formidaret
1121 2209 1332 2236 errorem:
1374 2195 1474 2236 ideo

2 2295 5 2299 ·
47 2269 217 2317 curavit,
249 2280 296 2309 ut
324 2268 572 2309 haberemus
601 2269 843 2310 thesaurum
882 2269 1009 2311 istum
1047 2270 1091 2312 in
1122 2272 1227 2313 vasis
1257 2272 1472 2315 fictilibus.

45 2348 181 2403 Saepe
212 2345 299 2387 vidi
329 2362 504 2387 aureum
543 2346 716 2389 calicem
753 2347 796 2388 in
833 2348 1014 2403 pulchro
1054 2349 1262 2392 sermonis
1300 2363 1475 2402 ornatu,

46 2437 88 2466 et
116 2425 360 2480 dogmatum
393 2441 551 2466 venena
581 2425 847 2472 considerans
886 2426 1149 2483 deprehendi
1186 2428 1360 2470 calicem
1389 2429 1472 2471 Ba-

45 2502 226 2562 bylonis.

156 2579 194 2623 8.
224 2580 371 2631 „Calix
387 2580 429 2636 ³)
481 2597 629 2623 aureus
666 2582 860 2641 Babylon
903 2583 948 2626 in
995 2600 1124 2626 manu
1176 2583 1301 2625 Dei.“
1368 2585 1466 2625 Non

166 2755 208 2812 ²)
240 2755 330 2798 Csr.
359 2754 515 2798 Jerem.
546 2755 616 2806 LI,
649 2755 686 2799 ’7.
715 2755 755 2800 8.

160 2825 204 2884 ²)
233 2825 312 2869 Ed.
344 2824 498 2868 Ruaei:
530 2826 792 2884 temperavit.
919 2830 964 2889 Β)
996 2829 1023 2873 J
1032 2844 1159 2874 erem.
1191 2827 1261 2879 LI,
1291 2826 1331 2871 7.
