1734 3112
661 88 803 129 Lmen
835 87 908 129 1V.
1445 95 1499 141 59

77 203 249 246 cabitur.
311 203 429 244 Tunc
454 201 490 256 Ι)
520 200 642 241 etiam
677 217 825 242 vocem
857 200 1027 240 turturis
1060 202 1222 251 audiet,
1269 204 1380 247 illius
1414 208 1499 249 sine

76 281 205 324 dubio
244 279 492 337 sapientiae,
537 293 662 333 quam
699 277 964 334 dispensator
1003 278 1120 320 verbi
1160 280 1351 336 loquitur
1390 283 1498 327 inter

74 360 304 416 perfectos,
344 354 569 412 sapientiae
607 354 691 396 Dei
721 354 905 406 altioris,
953 372 1057 412 quae
1088 357 1332 400 abscondita
1364 371 1425 401 est
1455 361 1497 402 in

74 436 284 496 mysterio,
344 434 440 475 Hoc
469 449 647 490 namque
680 433 835 474 indicat
867 433 1100 490 appellatio
1134 435 1317 478 turturis.
1378 437 1494 479 Haec

74 529 250 571 namque
287 511 371 553 avis
419 510 460 552 in
500 510 820 561 secretioribus,
866 523 906 552 et
945 512 1118 553 remotis
1159 529 1179 553 a
1221 514 1496 557 multitudine

74 591 174 633 locis
213 590 339 631 vitam
379 588 585 642 transigit,
630 600 699 629 aut
744 589 906 630 deserta
935 590 1147 632 montium
1180 591 1375 645 diligens,
1424 606 1494 635 aut

70 681 227 712 secreta
272 668 504 726 sylvarum,
549 666 701 723 procul
747 682 914 722 semper
963 684 984 708 a
1025 668 1296 711 multitudine
1343 671 1494 727 posita,

69 759 109 789 et·
123 748 164 804 ²)
197 764 219 787 a
247 745 378 786 turbis
410 744 556 786 aliena.
619 743 737 798 Quid
768 755 908 786 autem
938 757 996 786 est
1030 746 1158 796 aliud,
1182 749 1299 803 quod
1331 765 1493 806 oppor-

68 824 232 867 tunitati
262 822 467 879 temporis
508 821 654 880 hujus,
697 822 1030 879 amoenitatique
1070 825 1322 868 conveniat?
1380 827 1492 878 „Fi-

69 903 210 958 cus3),
242 901 399 959 inquit,
428 899 628 956 produxit
659 900 843 953 germina
870 907 983 945 sua.“
1043 903 1289 945 Notandum
1318 905 1490 961 quidem

63 981 222 1022 fructus
253 978 381 1036 ipsius
413 978 596 1035 spiritUS‚
627 976 698 1034 qui
729 989 824 1019 sunt
855 980 1076 1031 gaudium,
1112 981 1280 1033 caritas,
1313 999 1414 1039 pax,
1451 999 1494 1028 et

66 1069 211 1099 cetera.
273 1057 358 1098 Sed
396 1056 478 1114 jam
519 1068 658 1097 tamen
698 1056 882 1109 germina
922 1074 1070 1099 eorum
1107 1061 1301 1115 proferre
1339 1061 1491 1119 incipit.

64 1135 231 1192 spiritus
262 1134 467 1185 hominis,
508 1134 578 1191 qui
611 1134 652 1175 in
686 1134 776 1190 ipso
811 1146 870 1176 est
901 1135 1165 1190 singulariter
1202 1139 1382 1181 ficulnea
1412 1157 1488 1181 no-

62 1212 253 1254 minatus.
314 1212 432 1253 Sicut
464 1213 574 1254 enim
617 1212 864 1266 generaliter
900 1213 942 1254 in
983 1214 1158 1256 ecclesia
1200 1216 1387 1259 diversae
1427 1234 1490 1259 ar-

61 1292 184 1333 bores
223 1290 407 1343 singulae
449 1307 638 1348 quaeque
679 1290 839 1332 animae
880 1292 1140 1334 credentium
1180 1293 1487 1348 intelliguntur,

61 1369 112 1411 de
145 1368 295 1425 quibus
327 1369 481 1410 dicitur
495 1369 561 1426 4);
594 1369 760 1420 „omnis
778 1369 818 1425 5)
850 1371 988 1420 arbor,
1020 1387 1145 1426 quam
1175 1387 1260 1412 non
1280 1373 1487 1428 plantavit

59 1459 178 1504 pater
215 1463 333 1488 meus
375 1446 591 1496 coelestis,
630 1446 918 1487 eradicabitur.
933 1454 956 1471 “
1029 1447 1083 1487 Et
1126 1448 1277 1491 iterum
1315 1451 1488 1502 Paulus,

61 1524 205 1582 quise
245 1523 347 1564 dicit
384 1523 620 1582 adjutorem
651 1524 736 1564 Dei
778 1540 863 1565 esse
903 1524 946 1565 in
990 1525 1240 1578 agricultura
1270 1528 1378 1579 Dei,
1429 1530 1486 1571 ait

61 1602 185 1643 etiam
223 1601 333 1658 ipse:
388 1617 500 1655 „ego
517 1602 559 1658 6)
598 1601 807 1658 plantavi,
852 1603 1013 1658 Apollo
1056 1603 1251 1657 rigavit.“
1312 1606 1396 1648 Sed
1441 1620 1482 1650 et

57 1678 267 1721 Dominus
299 1679 343 1719 in
375 1679 618 1732 evangeliis:
652 1691 749 1731 „aut
769 1680 808 1736 ⁷)
830 1679 965 1724 ,facite
998 1682 1194 1724 arborem
1225 1684 1405 1734 bonam,
1437 1697 1477 1726 et

56 1759 240 1799 fructum
280 1756 367 1815 ejus
412 1759 594 1799 bonum:
640 1769 711 1799 aut
755 1758 949 1799 arborem
985 1759 1162 1810 malam,
1214 1772 1255 1802 et
1294 1762 1477 1805 fructum

57 1835 143 1894 ejus
172 1836 373 1878 malum.⁴‘
433 1835 553 1877 Sicut
567 1835 607 1890 S)
641 1851 738 1889 ergo
770 1835 1021 1889 generaliter
1044 1835 1087 1878 in
1119 1838 1295 1881 ecclesia
1324 1839 1475 1893 singuli

57 1913 210 1970 quique
249 1913 507 1955 credentium
549 1913 734 1956 diversae
774 1915 943 1956 arbores
984 1913 1300 1969 intelliguntur:
1347 1917 1403 1959 ita
1435 1930 1477 1960 et

55 1991 95 2034 in
124 2008 371 2048 unaquaque
402 1991 536 2034 anima
570 1991 756 2034 diversae
787 1992 963 2034 virtutes
994 1993 1178 2035 efficacia
1217 1993 1305 2052 ejus
1336 1995 1474 2037 diver-

53 2086 118 2112 sae
164 2071 334 2112 arbores
377 2069 679 2123 intelliguntur.
746 2070 823 2112 Est
873 2086 970 2124 ergo
1020 2083 1061 2112 et
1108 2070 1150 2112 in
1199 2071 1335 2114 anima
1370 2073 1474 2116 ficus

172 2286 212 2342 ¹)
241 2287 475 2345 Procopius
517 2304 563 2331 ex
595 2288 1033 2345 Origene:,‚‹1>wvr·1
1075 2292 1152 2345 τῆς
1188 2288 1423 2348 τρυγόνος.
1441 2292 1470 2315 “

49 2355 110 2400 Ἢ
137 2361 213 2400 καὶ
243 2358 532 2415 ,ςιρυγόνοςί
565 2364 698 2418 hya,
731 2363 806 2415 τῆς
835 2360 1093 2422 ἀποῤῥήτου
1123 2363 1200 2404 καὶ
1230 2359 1468 2419 ἀγνώστου

55 2433 242 2488 σοφίας·
285 2432 537 2488 φιλέρηιιον
564 2429 655 2488 γὰρ
684 2429 733 2473 τὸ
765 2434 900 2483 ζῶον·
943 2434 995 2487 ἧς
1036 2431 1062 2488 ἦ
1095 2447 1227 2491 φωνη
1261 2431 1469 2478 ἀκούεται

56 2504 146 2549 τοῖς
176 2499 239 2542 ἔτι
271 2495 508 2556 ἔπιγήῖνον
537 2503 670 2556 σῶιια
699 2506 1041 2561 περικειμένας.
1101 2504 1284 2546 Ruaeus.

170 2575 211 2632 ²)
242 2574 350 2616 Edd.
382 2575 442 2616 M.
475 2584 629 2625 „aut.“
749 2581 792 2637 3)
818 2581 978 2624 Cantic.
1010 2583 1075 2633 II,
1107 2581 1173 2626 13.

170 2646 213 2703 ⁴)
243 2645 352 2687 Edd.
383 2645 443 2686 M.
476 2647 614 2696 „ait.“
744 2649 785 2705 ὁ)
816 2650 966 2693 Matth.
996 2653 1093 2703 XV,
1126 2650 1191 2696 13-

168 2716 210 2771 ⁶)
242 2716 377 2758 ICor.
411 2717 495 2766 ΙΙΙ,
523 2715 561 2757 6.
681 2719 724 2775 ⁷)
752 2720 902 2763 Matth.
934 2721 1040 2773 XII,
1071 2720 1138 2766 33-

159 2786 208 2851 ²¹³)
239 2786 348 2828 Edd.
379 2786 439 2828 WI.
473 2787 633 2828 omissis
663 2787 858 2853 reliquis:
890 2791 1038 2843 „Sicut
1076 2807 1172 2844 ergo
1204 2787 1464 2842 generaliter,

54 2841 108 2883 ita
139 2841 286 2895 singuli
320 2843 474 2898 quique
507 2868 556 2874 —-
590 2843 889 2897 intelliguntur.
947 2848 1023 2890 Est
1054 2863 1150 2901 ergo
1165 2852 1190 2872 ‘⁴
1221 2856 1299 2887 etc
