1763 3112
244 103 328 149 238
669 103 885 142 (jmssssms
927 112 969 139 m
1000 99 1235 138 lemzmmm

246 221 323 262 καὶ
356 217 437 261 οὐκ
467 211 728 270 οἰκτειρήσω
762 209 853 255 ἀπὸ
893 210 1156 267 διαφθορᾶς
1185 206 1400 261 αὐτῶν;“
1438 210 1545 258 Πῶς
1572 210 1656 253 δυ-

245 311 377 339 ναται
415 284 546 341 οὗτος
584 289 699 336 εἶναι
737 286 937 347 ιῖγαθός;
980 283 1090 329 Ἐὰν
1130 285 1178 328 δὲ
1209 283 1331 340 λάβω
1361 283 1656 345 παράδειγμα

244 371 326 416 τὸν
353 372 430 414 ἐπὶ
459 370 581 425 καλῷ
611 371 673 424 τῷ
706 368 843 422 κοινῷ
875 363 955 409 οὐκ
982 363 1285 420 οἰκτειροῦντα
1314 360 1482 420 κριτήν,
1514 361 1656 418 δυνή-

247 464 387 505 σομαι
419 445 509 491 ἀπὸ
541 448 620 488 τοῦ
651 445 1023 500 παραδείγματος
1051 445 1219 494 πεῖσαι,
1254 437 1320 483 ὅτι
1336 443 1520 484 πολλῶν
1549 456 1654 497 φει-

244 525 451 583 δόμενος,
484 522 536 567 οὐ
568 523 772 580 φείδεται
803 518 902 568 ἑνὸς
931 517 953 562 ὁ
985 516 1103 568 θεός.
1163 515 1449 574 Λήψομαιῑ)
1482 519 1531 562 δὲ
1561 535 1656 560 πα-

245 604 472 665 ράδειγμα
512 604 587 644 καὶ
626 595 886 654 ἰατρικὸνῖ)
928 594 1129 649 δεικνὺς,
1178 593 1243 639 ὅτι
1274 593 1548 653 φειδόμενος
1576 596 1655 638 τοῦ

244 682 352 727 ὅλου
391 679 619 739 σώματος,
669 674 721 718 οὐ
763 675 969 732 φείδεται
1006 675 1171 731 μέλους
1200 669 1312 720 ἑνός.
1375 667 1508 716 Οἷον·
1542 673 1654 716 ἔστω

242 761 428 818 δικαστῇ
466 755 515 799 τὸ
553 756 858 809 προκείμενον
885 753 1016 795 τοῦτο
1045 749 1130 804 τὴν
1159 748 1342 808 εἰρήνην
1369 750 1656 807 δημιουργῆ-

243 853 332 892 σαι,
366 839 441 878 καὶ
471 827 805 878 κατασκευάσαι
845 831 906 885 τῷ
946 826 1019 871 ὑπ’
1055 825 1195 871 αὐτὸν
1231 828 1354 872 ἔθνει
1384 825 1437 870 τὰ
1469 829 1653 883 συμφέ-

243 931 395 973 ροντα.
469 910 849 970 Προσεληλυθέτω
892 907 947 949 δέ
986 923 1050 955 τις
1093 902 1445 962 προσαγόμενος
1486 902 1655 962 φονεῦς

242 991 405 1052 ὡραῖος
435 987 516 1043 τὴν
548 984 674 1042 ὄψιν,
706 987 782 1028 καὶ
811 981 947 1031 καλὸς
976 984 1171 1026 ἰδέσθαι.
1231 980 1397 1040 Μήτηρ
1426 984 1653 1039 προσελη-

240 1072 409 1113 λυθέτω
443 1063 662 1112 ἐλεεινοὺς
689 1065 1016 1122 προσφέρουσα
1046 1058 1210 1117 λόγους
1237 1062 1299 1116 τῷ
1331 1061 1547 1120 δικαστῇ,
1578 1061 1654 1102 ἵνα

241 1147 401 1205 ἐλεηθῇ
433 1141 570 1195 αὐτῆς
596 1139 646 1184 τὸ
675 1142 834 1196 γῆρας.
905 1136 966 1180 ‘H
999 1135 1113 1194 γυνή
1155 1135 1316 1181 τούτου
1354 1140 1432 1181 τοῦ
1465 1136 1654 1186 ἀναξίου

237 1223 476 1276 ἐλεηθῆναι.
505 1219 820 1273 παρακαλείτω
851 1218 955 1271 περὶ
985 1214 1138 1269 αὐτοῦ,
1169 1218 1303 1258 τέκνα
1333 1211 1654 1274 περιεστηκότα

239 1302 424 1344 δεέσθω.
473 1295 579 1338 Ἐπὶ
594 1291 767 1342 τούτοις
794 1296 840 1335 τί
867 1295 1091 1350 συμφέρει
1120 1295 1181 1347 τῷ
1206 1294 1367 1348 κοινῴ;
1389 1283 1499 1348 Ἀρα
1523 1292 1651 1346 ἐλεη-

237 1379 380 1431 θῆναι
408 1375 586 1426 τοῦτον,
619 1368 647 1426 ἢ
677 1368 740 1426 μὴ
772 1371 1035 1425 ἕλεηθῆναι,·
1070 1366 1202 1411 Ἀλλὰ
1233 1368 1431 1422 ἐλεηθεὶς
1457 1368 1546 1426 μὲν
1575 1368 1652 1411 ἐπὶ

235 1454 290 1499 τὰ
321 1449 435 1497 αὐτὰ
466 1446 832 1494 ἐπανελεύσεται·
863 1445 925 1504 μὴ
947 1447 1145 1501 ἒλεηθεὶς
1170 1446 1222 1489 δὲ
1250 1442 1384 1494 αὐτὸς
1412 1446 1500 1501 μὲν
1531 1444 1651 1489 ἀπο-

235 1535 467 1584 θανεῖται,
507 1525 556 1571 τό
599 1525 649 1569 δὲ
687 1523 845 1568 κοινὸν
879 1521 1241 1579 βελτιωθήσεται.
1310 1520 1462 1572 Οὕτως
1492 1521 1515 1567 ὁ
1545 1520 1653 1572 θεὸς

236 1609 318 1654 ἐὰν
349 1611 559 1666 φείσηται
595 1605 676 1646 τοῦ
718 1601 1014 1659 ἇμαρτωλοῦ,
1054 1603 1133 1644 καὶ
1170 1598 1328 1662 ἐλεήσῃ
1368 1599 1529 1656 αὐτὸν,
1574 1604 1652 1644 καὶ

236 1681 487 1744 οἲκτειρήσῃ
526 1680 584 1730 ὠς
621 1679 684 1738 μή
723 1679 915 1723 κολάσαι
944 1676 1107 1723 αὐτόν·
1151 1677 1271 1734 τίς3)
1302 1670 1387 1722 οὖν
1416 1676 1649 1736 ἐπιτριβή-

236 1781 358 1810 σεται
387 1764 479 1806 τῶν
509 1757 724 1818 φαύλων,
757 1760 834 1800 καὶ
864 1755 940 1799 διὰ
971 1755 1075 1806 τοὺς
1105 1754 1280 1815 φόβους
1307 1759 1398 1800 τῶν
1425 1760 1648 1812 κολαστη-

234 1848 344 1901 ρίων
372 1835 634 1895 παυόμενος
671 1837 763 1878 τῶν
801 1832 1140 1893 ἁμαρτημάτων
1182 1833 1264 1878 οὐκ
1303 1831 1646 1891 ἐπιτριβήσεται,

236 1919 287 1964 οὐ
312 1921 482 1976 χείρων
511 1916 656 1967 {ozam
692 1915 891 1957 Τοιαῦτα
921 1914 999 1954 καὶ
1028 1911 1078 1955 ἓν
1107 1916 1204 1959 ταῖς
1233 1913 1487 1967 ἐκκλησίαις
1517 1911 1648 1969 γινό-

231 1994 350 2056 μενά
382 1996 504 2039 ἐστιν
531 1994 674 2036 ἰδεῖν
714 1988 890 2049 ἥμαρτε
914 2005 1002 2044 τις,
1044 1985 1209 2042 ἐδεήθη
1238 1987 1352 2044 μετὰ
1382 1987 1464 2043 τῆν
1493 1989 1648 2047 ἁμαρ-

229 2080 334 2120 τίαν
369 2075 475 2129 περὶ
512 2072 767 2117 κοινωνίας.
831 2062 945 2110 Ἐιὲν
971 2063 1130 2122 τάχιον
1158 2066 1341 2125 ἐλεηθῇ,
1375 2067 1648 2124 ἒπιτρίβεται

230 2151 280 2197 τὸ
311 2148 490 2204 κοινὸν,
538 2142 717 2196 αὔξεται
753 2144 777 2198 ἦ
820 2141 1019 2201 ἁμαρτία
1057 2143 1230 2199 ἑτέρων.
1294 2141 1406 2187 Ἐὰν
1435 2145 1486 2188 δὲ
1515 2148 1646 2201 λογι-

231 2230 334 2286 σμῷ
366 2227 449 2283 οὐχ
482 2223 540 2273 ὡς
570 2221 854 2278 ἀνελεήμων,
898 2219 991 2266 οὐδο
1032 2218 1091 2270 ὠς
1121 2219 1243 2277 ὠμὸς
1272 2221 1502 2278 δικαστὴς,
1550 2222 1641 2266 ἀλλ’

230 2303 290 2354 ὠς
317 2298 661 2361 προνοούμενος
689 2303 767 2344 καὶ
805 2301 884 2343 τοῦ
917 2296 1042 2354 ἑνὸς,
1082 2300 1243 2342 πλεῖον
1272 2299 1323 2343 δὲ
1352 2297 1645 2359 προνοούμε-

229 2399 306 2431 νος
335 2384 425 2425 τῶν
454 2381 638 2423 πολλῶν
666 2376 793 2435 παρὰ
821 2373 903 2420 τὸν
930 2375 1033 2431 ἕνα,
1075 2374 1280 2436 σκοπήσῃ
1308 2374 1393 2431 τὴν
1421 2378 1644 2434 ἐσομένην

230 2460 393 2518 ζημίαν
435 2458 497 2512 τῷ
545 2458 684 2512 κοινῷ
727 2455 777 2498 ἐκ
813 2456 890 2508 τῆς
929 2458 1169 2503 κοινωνίας
1210 2456 1290 2499 τοῦ
1331 2453 1432 2505 ἑνὸς
1465 2459 1543 2499 καὶ
1569 2449 1644 2511 τῆς

229 2531 555 2594 συγχωρήσεως
588 2535 671 2576 τοῦ
698 2530 1025 2592 ἁμαρτήματος
1051 2531 1216 2577 αὐτοῦ·
1260 2532 1402 2587 δῆλον
1432 2529 1498 2576 ὅτι
1532 2548 1641 2577 ποι-

347 2695 385 2751 ¹)
416 2694 525 2734 Edd.
557 2693 612 2733 H.
644 2694 947 2746 ,,ι”.είψομαι.“

345 2765 386 2819 2)
417 2764 471 2804 H.
502 2763 555 2804 ad
582 2778 723 2814 marg,
753 2763 803 2802 R.
836 2762 877 2802 in
907 2762 1038 2803 notis:
1070 2761 1212 2816 „legez
1243 2760 1448 2817 ἴατρόν.“

345 2837 387 2890 3)
418 2835 468 2875 R.
501 2833 543 2874 in
571 2831 703 2873 notis:
733 2833 879 2883 „legoz
912 2838 974 2881 τίς
1007 2833 1138 2875 οὐκ.“
