1763 3112
248 46 332 93 408
677 45 898 88 Omenms
927 58 975 87 m
1002 43 1242 88 humum

249 160 425 200 ficanter
455 156 716 214 expresserit.
775 158 893 199 Dicit
932 156 1091 214 quippe
1121 157 1165 198 in
1198 157 1280 198 alio
1321 158 1442 199 loco:
1484 158 1676 214 „elegi¹)

251 235 436 292 abjectus
468 252 554 276 esse
586 236 627 276 in
662 237 791 276 domo
823 235 1061 276 Domini:“
1107 246 1147 276 et
1189 251 1273 276 non
1305 237 1361 277 ait
1392 235 1678 293 ,‚projectus.“

253 316 301 355 ln
331 312 540 369 praesenti
571 325 711 354 autem
741 330 829 354 non
858 313 1023 369 posuit:
1059 324 1100 352 et
1131 329 1181 354 ne
1214 312 1468 371 abjiciamini
1500 313 1542 354 in
1573 313 1679 370 inju—

252 391 407 433 stitiam
442 391 549 448 ejus:
583 392 705 441 ‚‚sed:
739 408 821 441 „ne
839 391 879 447 ²)
902 389 1190 446 projiciamini
1211 391 1251 431 in
1281 390 1526 447 injustitiam
1548 390 1679 447 ejus.“

254 469 384 510 Aliud
416 481 476 510 est
507 468 620 508 enim
649 468 824 527 projici,
870 469 986 509 aliud
1025 467 1162 524 abjici.
1236 468 1367 523 Qnod
1394 467 1506 509 enim
1536 467 1579 508 in
1610 470 1684 509 de-

252 547 471 603 spectione
503 557 564 587 est
594 558 636 587 et
664 547 887 599 neglectu,
919 547 1001 587 hoc
1030 562 1118 587 non
1149 545 1395 603 projicitur,
1435 547 1510 587 sed
1540 545 1683 602 abjici-

254 636 334 666 tur.
398 624 529 679 Quod
559 639 661 664 vero
693 623 797 665 foris
830 635 904 673 est,
936 639 959 664 a
988 624 1122 665 salute
1155 623 1254 679 et3)
1291 623 1552 665 beatitudine
1583 623 1684 664 alie-

255 720 370 752 num,
402 702 483 742 hoc
512 700 749 758 projicitur.
811 701 945 756 Quod
977 712 1017 741 et
1046 701 1089 741 in
1123 700 1206 742 alio
1241 701 1339 742 loco
1373 702 1557 742 declarat
1586 700 1686 742 scri-

255 792 379 836 ptura
419 778 580 829 divina,
627 779 793 821 dicens:
834 780 990 829 „duces
1007 778 1049 835 ¹²)
1093 779 1247 834 populi
1284 779 1371 819 mei
1410 777 1687 835 projicientur

258 874 305 898 ex
337 856 558 899 domicilio
598 874 741 899 rerum
781 873 950 898 suarum
990 867 1170 912 propter
1210 856 1410 912 pessimas
1449 855 1687 896 voluntates

255 952 359 977 suas.
422 934 537 977 Cleri
567 935 678 976 enim
713 951 862 976 corum
892 951 979 976 non
1018 935 1257 988 proderunt
1295 934 1389 975 iis.⁴‘
1450 934 1536 975 Sed
1569 944 1610 974 et
1640 945 1688 974 tu

257 1014 348 1070 ipse
378 1013 539 1069 poteris
573 1028 839 1065 congregare,
871 1012 1005 1053 sicubi
1037 1012 1079 1052 in
1107 1011 1337 1067 Scripturis
1353 1010 1687 1068 projectionis⁵)

259 1103 302 1132 et
331 1090 578 1149 abjectionis
608 1106 766 1132 nomen
797 1090 1028 1143 inveneris,
1075 1101 1123 1131 ut
1161 1105 1209 1130 ex
1230 1089 1566 1145 ,comparatione
1599 1105 1689 1130 ver-

258 1170 415 1209 borum
443 1168 574 1220 magis
604 1167 739 1223 possis
771 1168 988 1209 confidens
1018 1168 1128 1208 ferre
1159 1168 1419 1209 sententiam.
1463 1167 1577 1222 Quia
1608 1167 1691 1208 dis-

257 1245 450 1302 pensatio
491 1244 808 1302 providentiae,
848 1245 975 1286 etiam
1021 1246 1055 1286 si
1092 1261 1180 1286 non
1216 1261 1472 1301 magnopere
1517 1245 1690 1296 curavit,

258 1336 307 1365 ut
337 1323 690 1374 disertitudinem,
722 1339 828 1379 quae
847 1322 889 1363 in
917 1338 1067 1376 graeco
1094 1339 1288 1364 sermone
1308 1323 1514 1375 laudatur,
1545 1339 1690 1376 graece

259 1402 577 1458 interpretando
611 1413 879 1457 sequeretur,
922 1401 1082 1442 curavit
1110 1412 1253 1442 tamen
1285 1417 1352 1451 ea,
1392 1417 1496 1457 quae
1536 1400 1692 1453 signifi-

262 1479 398 1521 cantia
427 1492 537 1529 sunt,
570 1480 779 1529 exhihere,
813 1492 854 1521 et
884 1479 1172 1521 differentiam
1203 1495 1352 1520 eorum
1384 1479 1604 1535 explanare
1631 1478 1694 1519 di„

262 1559 403 1600 lucide
433 1558 509 1609 his,
542 1558 614 1615 qui
646 1558 883 1614 Scripturas
915 1558 1235 1611 diligentissime
1264 1569 1591 1614 perscrutantur.

377 1638 414 1679 5.
447 1638 538 1687 „Ne
555 1637 597 1692 6)
626 1635 915 1693 projiciamini
944 1636 989 1677 in
1023 1635 1290 1693 iniquitatem
1319 1635 1565 1694 Babylonis,
1597 1635 1694 1692 quia

262 1726 430 1770 tempus
460 1714 670 1755 vindictae
702 1713 790 1771 ejus
822 1725 883 1755 est
914 1730 937 1755 a
965 1715 1172 1756 Domino.
1233 1715 1348 1757 Miro
1379 1730 1502 1756 sensu
1531 1713 1694 1770 suppli-

265 1793 327 1834 cia
358 1791 460 1833 dicit
489 1791 667 1845 irrogari
696 1803 875 1847 propter
896 1792 997 1850 ejus,
1030 1793 1101 1849 qui
1133 1794 1237 1850 0:1⁷)
1268 1793 1441 1849 patitur,
1469 1792 1691 1834 ultionem.

266 1870 450 1926 Quando
484 1869 596 1910 enim
627 1868 720 1925 quis
752 1885 839 1909 non
867 1869 1105 1911 vindicatur
1147 1883 1187 1911 et
1226 1871 1479 1928 relinquitur
1510 1871 1693 1928 impuni-

264 1962 345 2001 tus,
373 1950 619 2004 frequenter
646 1964 715 1988 me
750 1947 900 1989 dixisse
931 1948 1107 1989 memini
1137 1948 1203 2001 id,
1245 1951 1360 2004 quod
1389 1949 1434 1989 in
1465 1949 1693 1990 duodecim

264 2026 486 2084 prophetis
523 2027 729 2082 scriptum
771 2038 851 2068 est:
898 2027 1039 2082 ‚,et8)
1077 2042 1165 2067 non
1204 2025 1382 2067 visitabo
1423 2044 1549 2083 super
1586 2027 1693 2069 filias

266 2117 434 2158 vestras,
468 2106 636 2161 quando
662 2104 939 2159 fornicantur,
971 2116 1013 2145 et
1027 2120 1156 2160 super
1169 2121 1298 2146 nurus
1319 2116 1490 2157 vestras,
1524 2107 1692 2162 quando

388 2328 429 2384 ¹)
459 2325 616 2367 Psalm.
647 2324 884 2376 LXXXIV,
914 2323 979 2368 10.
1011 2324 1295 2381 (LXXXIII.)

386 2397 429 2454 2)
459 2397 616 2438 Jerem.
647 2396 717 2448 LI,
752 2394 790 2438 6.

385 2469 429 2525 3)
459 2468 570 2510 Edd.
601 2467 662 2508 M.
698 2478 771 2519 „et
801 2483 825 2508 a
853 2464 1146 2508 heatitudine“
1178 2477 1255 2509 ete.

389 2537 431 2595 ⁴)
464 2538 553 2580 Cfr.
582 2536 739 2579 Jerem.
770 2537 930 2580 XXIII.

389 2611 431 2666 ⁵)
462 2609 542 2650 Ed.
573 2609 624 2649 R.
657 2625 903 2665 perperam:
935 2608 1258 2666 profectionis.“

388 2681 433 2738 ὃ)
462 2679 617 2722 Jerem.
648 2680 716 2729 LI,
748 2678 786 2722 6.

391 2752 433 2808 ⁷)
466 2751 574 2792 Edd.
605 2750 666 2791 Μ.
699 2755 861 2802 „eam.“

388 2821 431 2878 8)
464 2821 566 2863 Hos.
600 2821 674 2873 IV,
707 2818 773 2864 14.
