<?xml version="1.0" encoding="UTF-8"?>
<!DOCTYPE html PUBLIC "-//W3C//DTD XHTML 1.0 Transitional//EN"
    "http://www.w3.org/TR/xhtml1/DTD/xhtml1-transitional.dtd">
<html xmlns="http://www.w3.org/1999/xhtml" xml:lang="en" lang="en">
 <head>
  <title>
</title>
<meta http-equiv="Content-Type" content="text/html;charset=utf-8" />
  <meta name='ocr-system' content='tesseract 3.04.00' />
  <meta name='ocr-capabilities' content='ocr_page ocr_carea ocr_par ocr_line ocrx_word'/>
</head>
<body>
  <div class='ocr_page' id='page_1' title='image "./operaomniaquaegr15orig/operaomniaquaegr15orig_0060.png"; bbox 0 0 1734 3112; ppageno 0'>
   <div class='ocr_carea' id='block_1_1' title="bbox 211 113 1353 159">
    <p class='ocr_par' dir='ltr' id='par_1_1' title="bbox 211 113 1353 159">
     <span class='ocr_line' id='line_1_1' title="bbox 211 113 1353 159; baseline 0.004 -6"><span class='ocrx_word' id='word_1_1' title='bbox 211 114 267 159; x_wconf 79' lang='grc'><strong>46</strong></span> <span class='ocrx_word' id='word_1_2' title='bbox 505 113 727 156; x_wconf 74' lang='lat' dir='ltr'><strong>OmGEms</strong></span> <span class='ocrx_word' id='word_1_3' title='bbox 758 128 804 156; x_wconf 76' lang='lat' dir='ltr'><strong>m</strong></span> <span class='ocrx_word' id='word_1_4' title='bbox 836 114 1018 157; x_wconf 56' lang='lat' dir='ltr'><strong>cisne.</strong></span> <span class='ocrx_word' id='word_1_5' title='bbox 1052 115 1353 158; x_wconf 61' lang='lat' dir='ltr'><strong>CANrmome</strong></span> 
     </span>
    </p>
   </div>
   <div class='ocr_carea' id='block_1_2' title="bbox 214 226 1647 2489">
    <p class='ocr_par' dir='ltr' id='par_1_2' title="bbox 215 226 1640 429">
     <span class='ocr_line' id='line_1_2' title="bbox 215 226 1640 283; baseline -0.002 -13"><span class='ocrx_word' id='word_1_6' title='bbox 215 229 317 281; x_wconf 80' lang='lat' dir='ltr'><strong>ctis,</strong></span> <span class='ocrx_word' id='word_1_7' title='bbox 358 228 595 283; x_wconf 77' lang='lat' dir='ltr'>dignissime</span> <span class='ocrx_word' id='word_1_8' title='bbox 627 229 750 270; x_wconf 82' lang='lat' dir='ltr'><strong>salire</strong></span> <span class='ocrx_word' id='word_1_9' title='bbox 780 231 955 270; x_wconf 78' lang='lat' dir='ltr'><strong>verbum</strong></span> <span class='ocrx_word' id='word_1_10' title='bbox 984 229 1067 270; x_wconf 79' lang='lat' dir='ltr'><strong>Dei</strong></span> <span class='ocrx_word' id='word_1_11' title='bbox 1101 229 1254 270; x_wconf 83' lang='lat' dir='ltr'><strong>dicitur</strong></span> <span class='ocrx_word' id='word_1_12' title='bbox 1285 241 1326 271; x_wconf 87' lang='lat' dir='ltr'><strong>et</strong></span> <span class='ocrx_word' id='word_1_13' title='bbox 1357 226 1543 278; x_wconf 78' lang='lat' dir='ltr'><strong>exsilire,</strong></span> <span class='ocrx_word' id='word_1_14' title='bbox 1581 228 1640 268; x_wconf 86' lang='lat' dir='ltr'><strong>fa-</strong></span> 
     </span>
     <span class='ocr_line' id='line_1_3' title="bbox 217 306 1639 376; baseline -0.001 -28"><span class='ocrx_word' id='word_1_15' title='bbox 217 318 305 349; x_wconf 77' lang='lat' dir='ltr'><strong>ctus</strong></span> <span class='ocrx_word' id='word_1_16' title='bbox 335 307 378 349; x_wconf 87' lang='lat' dir='ltr'><strong>in</strong></span> <span class='ocrx_word' id='word_1_17' title='bbox 409 307 458 376; x_wconf 75' lang='lat' dir='ltr'><strong>iis</strong></span> <span class='ocrx_word' id='word_1_18' title='bbox 489 324 567 365; x_wconf 88' lang='lat' dir='ltr'><strong>per</strong></span> <span class='ocrx_word' id='word_1_19' title='bbox 596 308 855 350; x_wconf 86' lang='lat' dir='ltr'><strong>affluentiam</strong></span> <span class='ocrx_word' id='word_1_20' title='bbox 886 307 1101 349; x_wconf 80' lang='lat' dir='ltr'><strong>doctrinae</strong></span> <span class='ocrx_word' id='word_1_21' title='bbox 1133 309 1226 350; x_wconf 83' lang='lat' dir='ltr'><strong>sons</strong></span> <span class='ocrx_word' id='word_1_22' title='bbox 1257 324 1388 365; x_wconf 85' lang='lat' dir='ltr'><strong>aquae</strong></span> <span class='ocrx_word' id='word_1_23' title='bbox 1415 306 1547 357; x_wconf 77' lang='lat' dir='ltr'><strong>vivae,</strong></span> <span class='ocrx_word' id='word_1_24' title='bbox 1577 322 1639 348; x_wconf 88' lang='lat' dir='ltr'><strong>sa-</strong></span> 
     </span>
     <span class='ocr_line' id='line_1_4' title="bbox 216 385 842 429; baseline 0.005 -3"><span class='ocrx_word' id='word_1_25' title='bbox 216 385 355 428; x_wconf 86' lang='lat' dir='ltr'><strong>lientis</strong></span> <span class='ocrx_word' id='word_1_26' title='bbox 385 386 427 427; x_wconf 89' lang='lat' dir='ltr'><strong>in</strong></span> <span class='ocrx_word' id='word_1_27' title='bbox 459 386 586 428; x_wconf 81' lang='lat' dir='ltr'><strong>vitam</strong></span> <span class='ocrx_word' id='word_1_28' title='bbox 618 399 842 429; x_wconf 84' lang='lat' dir='ltr'><strong>aeternam.</strong></span> 
     </span>
    </p>

    <p class='ocr_par' dir='ltr' id='par_1_3' title="bbox 214 463 1647 2489">
     <span class='ocr_line' id='line_1_5' title="bbox 328 463 1637 522; baseline 0 -17"><span class='ocrx_word' id='word_1_29' title='bbox 328 464 583 522; x_wconf 84' lang='lat' dir='ltr'><strong>„Similis¹)</strong></span> <span class='ocrx_word' id='word_1_30' title='bbox 625 477 683 506; x_wconf 84' lang='lat' dir='ltr'><strong>cst</strong></span> <span class='ocrx_word' id='word_1_31' title='bbox 732 467 937 507; x_wconf 82' lang='lat' dir='ltr'><strong>fraternus</strong></span> <span class='ocrx_word' id='word_1_32' title='bbox 979 481 1097 506; x_wconf 88' lang='lat' dir='ltr'><strong>meus</strong></span> <span class='ocrx_word' id='word_1_33' title='bbox 1137 481 1332 522; x_wconf 84' lang='lat' dir='ltr'><strong>capreae,</strong></span> <span class='ocrx_word' id='word_1_34' title='bbox 1376 463 1637 521; x_wconf 75' lang='lat' dir='ltr'>hinnuloque</span> 
     </span>
     <span class='ocr_line' id='line_1_6' title="bbox 216 541 1638 601; baseline 0 -16"><span class='ocrx_word' id='word_1_35' title='bbox 216 560 436 586; x_wconf 82' lang='lat' dir='ltr'><strong>cervorum</strong></span> <span class='ocrx_word' id='word_1_36' title='bbox 470 541 511 584; x_wconf 87' lang='lat' dir='ltr'><strong>in</strong></span> <span class='ocrx_word' id='word_1_37' title='bbox 544 544 760 585; x_wconf 88' lang='lat' dir='ltr'><strong>montibus</strong></span> <span class='ocrx_word' id='word_1_38' title='bbox 788 543 982 585; x_wconf 80' lang='lat' dir='ltr'><strong>Bethcl.“</strong></span> <span class='ocrx_word' id='word_1_39' title='bbox 1037 544 1199 601; x_wconf 83' lang='lat' dir='ltr'><strong>Caprea</strong></span> <span class='ocrx_word' id='word_1_40' title='bbox 1231 544 1298 586; x_wconf 84' lang='lat' dir='ltr'><strong>vel</strong></span> <span class='ocrx_word' id='word_1_41' title='bbox 1331 561 1489 596; x_wconf 71' lang='lat' dir='ltr'><strong>cervus,</strong></span> <span class='ocrx_word' id='word_1_42' title='bbox 1522 544 1638 600; x_wconf 86' lang='lat' dir='ltr'><strong>quod</strong></span> 
     </span>
     <span class='ocr_line' id='line_1_7' title="bbox 216 620 1638 680; baseline 0 -17"><span class='ocrx_word' id='word_1_43' title='bbox 216 620 326 665; x_wconf 85' lang='lat' dir='ltr'><strong>inter</strong></span> <span class='ocrx_word' id='word_1_44' title='bbox 353 623 510 663; x_wconf 84' lang='lat' dir='ltr'><strong>munda</strong></span> <span class='ocrx_word' id='word_1_45' title='bbox 540 623 828 678; x_wconf 79' lang='lat' dir='ltr'><strong>habeantur2)</strong></span> <span class='ocrx_word' id='word_1_46' title='bbox 859 622 1066 675; x_wconf 85' lang='lat' dir='ltr'><strong>animalia,</strong></span> <span class='ocrx_word' id='word_1_47' title='bbox 1097 624 1316 665; x_wconf 86' lang='lat' dir='ltr'><strong>manifeste</strong></span> <span class='ocrx_word' id='word_1_48' title='bbox 1349 640 1397 663; x_wconf 83' lang='lat' dir='ltr'><strong>cx</strong></span> <span class='ocrx_word' id='word_1_49' title='bbox 1425 622 1501 674; x_wconf 85' lang='lat' dir='ltr'><strong>his,</strong></span> <span class='ocrx_word' id='word_1_50' title='bbox 1534 639 1638 680; x_wconf 87' lang='lat' dir='ltr'><strong>quae</strong></span> 
     </span>
     <span class='ocr_line' id='line_1_8' title="bbox 216 700 1640 757; baseline 0 -15"><span class='ocrx_word' id='word_1_51' title='bbox 216 700 260 742; x_wconf 79' lang='lat' dir='ltr'><strong>in</strong></span> <span class='ocrx_word' id='word_1_52' title='bbox 298 700 642 743; x_wconf 82' lang='lat' dir='ltr'><strong>Deuteronomio</strong></span> <span class='ocrx_word' id='word_1_53' title='bbox 682 700 837 757; x_wconf 88' lang='lat' dir='ltr'><strong>scripta</strong></span> <span class='ocrx_word' id='word_1_54' title='bbox 881 714 999 754; x_wconf 86' lang='lat' dir='ltr'><strong>sunt,</strong></span> <span class='ocrx_word' id='word_1_55' title='bbox 1043 702 1274 755; x_wconf 82' lang='lat' dir='ltr'><strong>indicatur3</strong></span> <span class='ocrx_word' id='word_1_56' title='bbox 1325 713 1386 743; x_wconf 86' lang='lat' dir='ltr'><strong>est</strong></span> <span class='ocrx_word' id='word_1_57' title='bbox 1417 702 1528 743; x_wconf 88' lang='lat' dir='ltr'><strong>enim</strong></span> <span class='ocrx_word' id='word_1_58' title='bbox 1557 702 1640 742; x_wconf 85' lang='lat' dir='ltr'><strong>hoc</strong></span> 
     </span>
     <span class='ocr_line' id='line_1_9' title="bbox 214 779 1639 838; baseline -0.001 -16"><span class='ocrx_word' id='word_1_59' title='bbox 214 781 347 822; x_wconf 87' lang='lat' dir='ltr'><strong>modo</strong></span> <span class='ocrx_word' id='word_1_60' title='bbox 378 780 606 838; x_wconf 84' lang='lat' dir='ltr'><strong>scriptum:</strong></span> <span class='ocrx_word' id='word_1_61' title='bbox 646 779 841 837; x_wconf 82' lang='lat' dir='ltr'><strong>„haec³)</strong></span> <span class='ocrx_word' id='word_1_62' title='bbox 875 780 985 822; x_wconf 91' lang='lat' dir='ltr'><strong>enim</strong></span> <span class='ocrx_word' id='word_1_63' title='bbox 1015 793 1110 823; x_wconf 88' lang='lat' dir='ltr'><strong>sunt</strong></span> <span class='ocrx_word' id='word_1_64' title='bbox 1141 779 1358 832; x_wconf 84' lang='lat' dir='ltr'><strong>animalia,</strong></span> <span class='ocrx_word' id='word_1_65' title='bbox 1389 796 1493 837; x_wconf 86' lang='lat' dir='ltr'><strong>quae</strong></span> <span class='ocrx_word' id='word_1_66' title='bbox 1524 793 1639 821; x_wconf 77' lang='lat' dir='ltr'><strong>man-</strong></span> 
     </span>
     <span class='ocr_line' id='line_1_10' title="bbox 216 857 1640 917; baseline 0 -17"><span class='ocrx_word' id='word_1_67' title='bbox 216 858 444 901; x_wconf 81' lang='lat' dir='ltr'><strong>ducabitis:</strong></span> <span class='ocrx_word' id='word_1_68' title='bbox 478 857 680 912; x_wconf 84' lang='lat' dir='ltr'><strong>vitulum,</strong></span> <span class='ocrx_word' id='word_1_69' title='bbox 713 871 754 901; x_wconf 93' lang='lat' dir='ltr'><strong>et</strong></span> <span class='ocrx_word' id='word_1_70' title='bbox 786 875 937 913; x_wconf 87' lang='lat' dir='ltr'><strong>agnum</strong></span> <span class='ocrx_word' id='word_1_71' title='bbox 969 878 1016 902; x_wconf 82' lang='lat' dir='ltr'><strong>ex</strong></span> <span class='ocrx_word' id='word_1_72' title='bbox 1046 859 1295 917; x_wconf 79' lang='lat' dir='ltr'><strong>pecoribus,</strong></span> <span class='ocrx_word' id='word_1_73' title='bbox 1326 870 1368 900; x_wconf 87' lang='lat' dir='ltr'><strong>et</strong></span> <span class='ocrx_word' id='word_1_74' title='bbox 1397 858 1560 901; x_wconf 81' lang='lat' dir='ltr'>hircum</span> <span class='ocrx_word' id='word_1_75' title='bbox 1592 875 1640 900; x_wconf 74' lang='lat' dir='ltr'><strong>ex</strong></span> 
     </span>
     <span class='ocr_line' id='line_1_11' title="bbox 217 937 1640 996; baseline -0.001 -16"><span class='ocrx_word' id='word_1_76' title='bbox 217 937 364 996; x_wconf 83' lang='lat' dir='ltr'><strong>capris,</strong></span> <span class='ocrx_word' id='word_1_77' title='bbox 396 954 587 990; x_wconf 83' lang='lat' dir='ltr'><strong>cervum,</strong></span> <span class='ocrx_word' id='word_1_78' title='bbox 619 950 661 979; x_wconf 87' lang='lat' dir='ltr'><strong>et</strong></span> <span class='ocrx_word' id='word_1_79' title='bbox 691 955 905 995; x_wconf 75' lang='lat' dir='ltr'><strong>capream,</strong></span> <span class='ocrx_word' id='word_1_80' title='bbox 939 951 979 980; x_wconf 86' lang='lat' dir='ltr'><strong>et</strong></span> <span class='ocrx_word' id='word_1_81' title='bbox 1008 938 1236 989; x_wconf 83' lang='lat' dir='ltr'><strong>bubalum,</strong></span> <span class='ocrx_word' id='word_1_82' title='bbox 1266 949 1307 979; x_wconf 90' lang='lat' dir='ltr'><strong>et</strong></span> <span class='ocrx_word' id='word_1_83' title='bbox 1338 938 1640 994; x_wconf 82' lang='lat' dir='ltr'><strong>tragelaphum,</strong></span> 
     </span>
     <span class='ocr_line' id='line_1_12' title="bbox 218 1010 1641 1075; baseline -0.001 -17"><span class='ocrx_word' id='word_1_84' title='bbox 218 1027 258 1058; x_wconf 87' lang='lat' dir='ltr'><strong>et</strong></span> <span class='ocrx_word' id='word_1_85' title='bbox 296 1015 472 1070; x_wconf 87' lang='lat' dir='ltr'><strong>ibicem,</strong></span> <span class='ocrx_word' id='word_1_86' title='bbox 519 1019 727 1060; x_wconf 89' lang='lat' dir='ltr'><strong>camelum</strong></span> <span class='ocrx_word' id='word_1_87' title='bbox 768 1030 808 1060; x_wconf 82' lang='lat' dir='ltr'><strong>et</strong></span> <span class='ocrx_word' id='word_1_88' title='bbox 843 1019 1074 1075; x_wconf 85' lang='lat' dir='ltr'><strong>pardum.“</strong></span> <span class='ocrx_word' id='word_1_89' title='bbox 1133 1016 1220 1059; x_wconf 83' lang='lat' dir='ltr'><strong>Sed</strong></span> <span class='ocrx_word' id='word_1_90' title='bbox 1259 1028 1299 1057; x_wconf 91' lang='lat' dir='ltr'><strong>et</strong></span> <span class='ocrx_word' id='word_1_91' title='bbox 1330 1017 1445 1074; x_wconf 86' lang='lat' dir='ltr'><strong>quod</strong></span> <span class='ocrx_word' id='word_1_92' title='bbox 1471 1010 1641 1058; x_wconf 39' lang='lat' dir='ltr'><strong>‘sanctus</strong></span> 
     </span>
     <span class='ocr_line' id='line_1_13' title="bbox 218 1094 1641 1153; baseline -0.001 -15"><span class='ocrx_word' id='word_1_93' title='bbox 218 1112 342 1138; x_wconf 77' lang='lat' dir='ltr'><strong>cervo</strong></span> <span class='ocrx_word' id='word_1_94' title='bbox 377 1109 665 1153; x_wconf 82' lang='lat' dir='ltr'><strong>comparatur,</strong></span> <span class='ocrx_word' id='word_1_95' title='bbox 702 1095 744 1138; x_wconf 92' lang='lat' dir='ltr'><strong>in</strong></span> <span class='ocrx_word' id='word_1_96' title='bbox 785 1097 929 1139; x_wconf 83' lang='lat' dir='ltr'><strong>multis</strong></span> <span class='ocrx_word' id='word_1_97' title='bbox 968 1095 1200 1153; x_wconf 79' lang='lat' dir='ltr'><strong>scripturae</strong></span> <span class='ocrx_word' id='word_1_98' title='bbox 1239 1094 1403 1137; x_wconf 79' lang='lat' dir='ltr'><strong>divinae</strong></span> <span class='ocrx_word' id='word_1_99' title='bbox 1434 1095 1540 1137; x_wconf 91' lang='lat' dir='ltr'><strong>locis</strong></span> <span class='ocrx_word' id='word_1_100' title='bbox 1570 1095 1641 1136; x_wconf 85' lang='lat' dir='ltr'><strong>ha-</strong></span> 
     </span>
     <span class='ocr_line' id='line_1_14' title="bbox 217 1173 1642 1233; baseline -0.001 -17"><span class='ocrx_word' id='word_1_101' title='bbox 217 1177 361 1227; x_wconf 88' lang='lat' dir='ltr'><strong>betur,</strong></span> <span class='ocrx_word' id='word_1_102' title='bbox 391 1187 438 1216; x_wconf 83' lang='lat' dir='ltr'><strong>ut</strong></span> <span class='ocrx_word' id='word_1_103' title='bbox 468 1174 512 1217; x_wconf 88' lang='lat' dir='ltr'><strong>in</strong></span> <span class='ocrx_word' id='word_1_104' title='bbox 545 1176 730 1233; x_wconf 86' lang='lat' dir='ltr'><strong>psalmo,</strong></span> <span class='ocrx_word' id='word_1_105' title='bbox 761 1175 836 1217; x_wconf 82' lang='lat' dir='ltr'><strong>ubi</strong></span> <span class='ocrx_word' id='word_1_106' title='bbox 867 1175 987 1217; x_wconf 89' lang='lat' dir='ltr'><strong>dicit:</strong></span> <span class='ocrx_word' id='word_1_107' title='bbox 1019 1174 1162 1227; x_wconf 82' lang='lat' dir='ltr'><strong>„sicut</strong></span> <span class='ocrx_word' id='word_1_108' title='bbox 1179 1174 1222 1232; x_wconf 75' lang='lat'><strong>¹¹)</strong></span> <span class='ocrx_word' id='word_1_109' title='bbox 1256 1191 1402 1216; x_wconf 80' lang='lat' dir='ltr'><strong>cervus</strong></span> <span class='ocrx_word' id='word_1_110' title='bbox 1433 1173 1642 1215; x_wconf 78' lang='lat' dir='ltr'><strong>desiderat</strong></span> 
     </span>
     <span class='ocr_line' id='line_1_15' title="bbox 218 1253 1641 1312; baseline -0.001 -16"><span class='ocrx_word' id='word_1_111' title='bbox 218 1254 270 1296; x_wconf 84' lang='lat' dir='ltr'><strong>ad</strong></span> <span class='ocrx_word' id='word_1_112' title='bbox 301 1254 441 1296; x_wconf 83' lang='lat' dir='ltr'><strong>fontes</strong></span> <span class='ocrx_word' id='word_1_113' title='bbox 473 1270 687 1312; x_wconf 86' lang='lat' dir='ltr'><strong>aquarum,</strong></span> <span class='ocrx_word' id='word_1_114' title='bbox 717 1253 775 1295; x_wconf 85' lang='lat' dir='ltr'><strong>ita</strong></span> <span class='ocrx_word' id='word_1_115' title='bbox 805 1254 1013 1296; x_wconf 78' lang='lat' dir='ltr'><strong>desiderat</strong></span> <span class='ocrx_word' id='word_1_116' title='bbox 1042 1253 1179 1295; x_wconf 83' lang='lat' dir='ltr'><strong>anima</strong></span> <span class='ocrx_word' id='word_1_117' title='bbox 1201 1270 1295 1294; x_wconf 88' lang='lat' dir='ltr'><strong>mea</strong></span> <span class='ocrx_word' id='word_1_118' title='bbox 1313 1254 1364 1294; x_wconf 87' lang='lat' dir='ltr'><strong>ad</strong></span> <span class='ocrx_word' id='word_1_119' title='bbox 1395 1264 1450 1303; x_wconf 89' lang='lat' dir='ltr'><strong>te,</strong></span> <span class='ocrx_word' id='word_1_120' title='bbox 1480 1253 1641 1295; x_wconf 86' lang='lat' dir='ltr'><strong>Deus.“</strong></span> 
     </span>
     <span class='ocr_line' id='line_1_16' title="bbox 218 1329 1644 1390; baseline -0.002 -16"><span class='ocrx_word' id='word_1_121' title='bbox 218 1333 520 1374; x_wconf 82' lang='lat' dir='ltr'><strong>Verumtamen</strong></span> <span class='ocrx_word' id='word_1_122' title='bbox 559 1333 603 1374; x_wconf 91' lang='lat' dir='ltr'><strong>in</strong></span> <span class='ocrx_word' id='word_1_123' title='bbox 642 1332 927 1386; x_wconf 82' lang='lat' dir='ltr'><strong>sermonibus,</strong></span> <span class='ocrx_word' id='word_1_124' title='bbox 971 1349 1075 1390; x_wconf 87' lang='lat' dir='ltr'><strong>quos</strong></span> <span class='ocrx_word' id='word_1_125' title='bbox 1115 1348 1161 1373; x_wconf 83' lang='lat' dir='ltr'><strong>ex</strong></span> <span class='ocrx_word' id='word_1_126' title='bbox 1200 1329 1542 1372; x_wconf 84' lang='lat' dir='ltr'><strong>Deuteronomio</strong></span> <span class='ocrx_word' id='word_1_127' title='bbox 1583 1347 1644 1372; x_wconf 83' lang='lat' dir='ltr'><strong>as·</strong></span> 
     </span>
     <span class='ocr_line' id='line_1_17' title="bbox 220 1410 1642 1464; baseline -0.001 -13"><span class='ocrx_word' id='word_1_128' title='bbox 220 1410 467 1462; x_wconf 83' lang='lat' dir='ltr'><strong>sumsimus,</strong></span> <span class='ocrx_word' id='word_1_129' title='bbox 514 1411 639 1453; x_wconf 84' lang='lat' dir='ltr'><strong>etiam</strong></span> <span class='ocrx_word' id='word_1_130' title='bbox 675 1413 758 1453; x_wconf 90' lang='lat' dir='ltr'><strong>hoc</strong></span> <span class='ocrx_word' id='word_1_131' title='bbox 794 1428 882 1453; x_wconf 91' lang='lat' dir='ltr'><strong>non</strong></span> <span class='ocrx_word' id='word_1_132' title='bbox 910 1411 1170 1464; x_wconf 70' lang='lat' dir='ltr'><strong>negligenter</strong></span> <span class='ocrx_word' id='word_1_133' title='bbox 1200 1410 1551 1451; x_wconf 77' lang='lat' dir='ltr'><strong>considerandum</strong></span> <span class='ocrx_word' id='word_1_134' title='bbox 1583 1410 1642 1450; x_wconf 76' lang='lat' dir='ltr'><strong>vi—</strong></span> 
     </span>
     <span class='ocr_line' id='line_1_18' title="bbox 219 1488 1644 1548; baseline -0.001 -17"><span class='ocrx_word' id='word_1_135' title='bbox 219 1489 364 1542; x_wconf 85' lang='lat' dir='ltr'><strong>detur,</strong></span> <span class='ocrx_word' id='word_1_136' title='bbox 408 1507 535 1548; x_wconf 84' lang='lat' dir='ltr'><strong>quam</strong></span> <span class='ocrx_word' id='word_1_137' title='bbox 571 1490 743 1544; x_wconf 81' lang='lat' dir='ltr'><strong>dignum</strong></span> <span class='ocrx_word' id='word_1_138' title='bbox 772 1490 817 1531; x_wconf 88' lang='lat' dir='ltr'><strong>in</strong></span> <span class='ocrx_word' id='word_1_139' title='bbox 855 1489 1103 1531; x_wconf 81' lang='lat' dir='ltr'><strong>animalibus</strong></span> <span class='ocrx_word' id='word_1_140' title='bbox 1142 1488 1310 1529; x_wconf 88' lang='lat' dir='ltr'><strong>mundis</strong></span> <span class='ocrx_word' id='word_1_141' title='bbox 1352 1488 1644 1530; x_wconf 78' lang='lat' dir='ltr'><strong>enumerandis</strong></span> 
     </span>
     <span class='ocr_line' id='line_1_19' title="bbox 220 1567 1647 1626; baseline -0.001 -16"><span class='ocrx_word' id='word_1_142' title='bbox 220 1569 415 1610; x_wconf 84' lang='lat' dir='ltr'><strong>ordinem</strong></span> <span class='ocrx_word' id='word_1_143' title='bbox 445 1568 641 1620; x_wconf 87' lang='lat' dir='ltr'><strong>tenuerit,</strong></span> <span class='ocrx_word' id='word_1_144' title='bbox 677 1580 725 1610; x_wconf 91' lang='lat' dir='ltr'><strong>ut</strong></span> <span class='ocrx_word' id='word_1_145' title='bbox 754 1567 894 1626; x_wconf 89' lang='lat' dir='ltr'><strong>primo</strong></span> <span class='ocrx_word' id='word_1_146' title='bbox 927 1567 1122 1621; x_wconf 81' lang='lat' dir='ltr'><strong>vitulum,</strong></span> <span class='ocrx_word' id='word_1_147' title='bbox 1153 1567 1338 1609; x_wconf 88' lang='lat' dir='ltr'><strong>secundo</strong></span> <span class='ocrx_word' id='word_1_148' title='bbox 1369 1583 1533 1622; x_wconf 85' lang='lat' dir='ltr'><strong>agnum,</strong></span> <span class='ocrx_word' id='word_1_149' title='bbox 1563 1578 1647 1609; x_wconf 75' lang='lat' dir='ltr'><strong>ter-</strong></span> 
     </span>
     <span class='ocr_line' id='line_1_20' title="bbox 218 1647 1646 1704; baseline -0.001 -16"><span class='ocrx_word' id='word_1_150' title='bbox 218 1647 280 1688; x_wconf 85' lang='lat' dir='ltr'><strong>tio</strong></span> <span class='ocrx_word' id='word_1_151' title='bbox 310 1647 475 1689; x_wconf 86' lang='lat' dir='ltr'><strong>hircum</strong></span> <span class='ocrx_word' id='word_1_152' title='bbox 514 1648 727 1690; x_wconf 86' lang='lat' dir='ltr'><strong>scriberet.</strong></span> <span class='ocrx_word' id='word_1_153' title='bbox 788 1649 838 1689; x_wconf 80' lang='lat' dir='ltr'><strong>In</strong></span> <span class='ocrx_word' id='word_1_154' title='bbox 874 1648 938 1689; x_wconf 85' lang='lat' dir='ltr'><strong>his</strong></span> <span class='ocrx_word' id='word_1_155' title='bbox 978 1663 1104 1698; x_wconf 84' lang='lat' dir='ltr'><strong>vero,</strong></span> <span class='ocrx_word' id='word_1_156' title='bbox 1148 1663 1255 1704; x_wconf 81' lang='lat' dir='ltr'><strong>quae</strong></span> <span class='ocrx_word' id='word_1_157' title='bbox 1284 1647 1514 1689; x_wconf 85' lang='lat' dir='ltr'><strong>secundum</strong></span> <span class='ocrx_word' id='word_1_158' title='bbox 1547 1662 1646 1688; x_wconf 83' lang='lat' dir='ltr'><strong>eun-</strong></span> 
     </span>
     <span class='ocr_line' id='line_1_21' title="bbox 219 1724 1646 1782; baseline -0.001 -15"><span class='ocrx_word' id='word_1_159' title='bbox 219 1726 317 1767; x_wconf 84' lang='lat' dir='ltr'><strong>dem</strong></span> <span class='ocrx_word' id='word_1_160' title='bbox 347 1727 501 1768; x_wconf 83' lang='lat' dir='ltr'><strong>Mosen</strong></span> <span class='ocrx_word' id='word_1_161' title='bbox 529 1743 618 1768; x_wconf 90' lang='lat' dir='ltr'><strong>non</strong></span> <span class='ocrx_word' id='word_1_162' title='bbox 648 1728 889 1768; x_wconf 88' lang='lat' dir='ltr'><strong>offeruntur</strong></span> <span class='ocrx_word' id='word_1_163' title='bbox 917 1728 970 1768; x_wconf 89' lang='lat' dir='ltr'><strong>ad</strong></span> <span class='ocrx_word' id='word_1_164' title='bbox 999 1726 1153 1777; x_wconf 82' lang='lat' dir='ltr'><strong>altare,</strong></span> <span class='ocrx_word' id='word_1_165' title='bbox 1184 1724 1324 1782; x_wconf 85' lang='lat' dir='ltr'><strong>primo</strong></span> <span class='ocrx_word' id='word_1_166' title='bbox 1358 1741 1552 1776; x_wconf 79' lang='lat' dir='ltr'><strong>cervum,</strong></span> <span class='ocrx_word' id='word_1_167' title='bbox 1583 1739 1646 1767; x_wconf 86' lang='lat' dir='ltr'><strong>se·</strong></span> 
     </span>
     <span class='ocr_line' id='line_1_22' title="bbox 219 1803 1644 1862; baseline -0.001 -16"><span class='ocrx_word' id='word_1_168' title='bbox 219 1805 359 1846; x_wconf 78' lang='lat' dir='ltr'><strong>cundo</strong></span> <span class='ocrx_word' id='word_1_169' title='bbox 392 1821 585 1862; x_wconf 83' lang='lat' dir='ltr'><strong>capream</strong></span> <span class='ocrx_word' id='word_1_170' title='bbox 615 1805 827 1846; x_wconf 89' lang='lat' dir='ltr'><strong>nominat:</strong></span> <span class='ocrx_word' id='word_1_171' title='bbox 861 1817 903 1846; x_wconf 83' lang='lat' dir='ltr'><strong>et</strong></span> <span class='ocrx_word' id='word_1_172' title='bbox 932 1804 990 1846; x_wconf 87' lang='lat' dir='ltr'><strong>ita</strong></span> <span class='ocrx_word' id='word_1_173' title='bbox 1018 1816 1117 1861; x_wconf 87' lang='lat' dir='ltr'><strong>post</strong></span> <span class='ocrx_word' id='word_1_174' title='bbox 1145 1803 1249 1846; x_wconf 84' lang='lat' dir='ltr'><strong>haec</strong></span> <span class='ocrx_word' id='word_1_175' title='bbox 1277 1804 1442 1862; x_wconf 86' lang='lat' dir='ltr'><strong>reliqua</strong></span> <span class='ocrx_word' id='word_1_176' title='bbox 1474 1821 1552 1862; x_wconf 88' lang='lat' dir='ltr'><strong>per</strong></span> <span class='ocrx_word' id='word_1_177' title='bbox 1577 1821 1644 1845; x_wconf 62' lang='lat' dir='ltr'><strong>ore</strong></span> 
     </span>
     <span class='ocr_line' id='line_1_23' title="bbox 221 1882 1644 1942; baseline 0.001 -18"><span class='ocrx_word' id='word_1_178' title='bbox 221 1883 364 1925; x_wconf 88' lang='lat' dir='ltr'><strong>dinem</strong></span> <span class='ocrx_word' id='word_1_179' title='bbox 396 1883 651 1942; x_wconf 48' lang='lat' dir='ltr'><strong>describitss‘)</strong></span> <span class='ocrx_word' id='word_1_180' title='bbox 685 1883 919 1926; x_wconf 82' lang='lat' dir='ltr'><strong>animantia.</strong></span> <span class='ocrx_word' id='word_1_181' title='bbox 983 1882 1182 1938; x_wconf 83' lang='lat' dir='ltr'><strong>Quorum</strong></span> <span class='ocrx_word' id='word_1_182' title='bbox 1221 1883 1327 1925; x_wconf 81' lang='lat' dir='ltr'><strong>ratio</strong></span> <span class='ocrx_word' id='word_1_183' title='bbox 1367 1883 1450 1935; x_wconf 83' lang='lat' dir='ltr'><strong>his,</strong></span> <span class='ocrx_word' id='word_1_184' title='bbox 1493 1883 1644 1941; x_wconf 85' lang='lat' dir='ltr'><strong>quibus</strong></span> 
     </span>
     <span class='ocr_line' id='line_1_24' title="bbox 222 1961 1647 2019; baseline 0 -16"><span class='ocrx_word' id='word_1_185' title='bbox 222 1962 505 2004; x_wconf 85' lang='lat' dir='ltr'><strong>abundantior</strong></span> <span class='ocrx_word' id='word_1_186' title='bbox 543 1961 672 2015; x_wconf 86' lang='lat' dir='ltr'><strong>gratia</strong></span> <span class='ocrx_word' id='word_1_187' title='bbox 709 1962 937 2019; x_wconf 87' lang='lat' dir='ltr'><strong>spiritualis</strong></span> <span class='ocrx_word' id='word_1_188' title='bbox 975 1961 1019 2002; x_wconf 87' lang='lat' dir='ltr'><strong>in</strong></span> <span class='ocrx_word' id='word_1_189' title='bbox 1059 1962 1173 2003; x_wconf 87' lang='lat' dir='ltr'><strong>dono</strong></span> <span class='ocrx_word' id='word_1_190' title='bbox 1214 1962 1412 2004; x_wconf 83' lang='lat' dir='ltr'><strong>scientiae</strong></span> <span class='ocrx_word' id='word_1_191' title='bbox 1451 1976 1647 2004; x_wconf 79' lang='lat' dir='ltr'><strong>concessa</strong></span> 
     </span>
     <span class='ocr_line' id='line_1_25' title="bbox 222 2038 1644 2097; baseline 0.001 -17"><span class='ocrx_word' id='word_1_192' title='bbox 222 2051 284 2081; x_wconf 85' lang='lat' dir='ltr'><strong>est</strong></span> <span class='ocrx_word' id='word_1_193' title='bbox 321 2056 400 2097; x_wconf 83' lang='lat' dir='ltr'><strong>per</strong></span> <span class='ocrx_word' id='word_1_194' title='bbox 440 2039 647 2097; x_wconf 87' lang='lat' dir='ltr'><strong>Spiritum</strong></span> <span class='ocrx_word' id='word_1_195' title='bbox 685 2052 897 2092; x_wconf 83' lang='lat' dir='ltr'><strong>sanctum,</strong></span> <span class='ocrx_word' id='word_1_196' title='bbox 948 2041 1168 2083; x_wconf 85' lang='lat' dir='ltr'><strong>manifesta</strong></span> <span class='ocrx_word' id='word_1_197' title='bbox 1208 2053 1249 2083; x_wconf 88' lang='lat' dir='ltr'><strong>et</strong></span> <span class='ocrx_word' id='word_1_198' title='bbox 1288 2040 1457 2082; x_wconf 75' lang='lat' dir='ltr'><strong>evidens</strong></span> <span class='ocrx_word' id='word_1_199' title='bbox 1496 2038 1644 2097; x_wconf 76' lang='lat' dir='ltr'><strong>fiet.⁶)</strong></span> 
     </span>
     <span class='ocr_line' id='line_1_26' title="bbox 218 2116 1647 2177; baseline 0.001 -20"><span class='ocrx_word' id='word_1_200' title='bbox 218 2116 353 2158; x_wconf 85' lang='lat' dir='ltr'><strong>Nobis</strong></span> <span class='ocrx_word' id='word_1_201' title='bbox 396 2117 588 2170; x_wconf 87' lang='lat' dir='ltr'><strong>interim,</strong></span> <span class='ocrx_word' id='word_1_202' title='bbox 632 2119 832 2176; x_wconf 86' lang='lat' dir='ltr'><strong>quoniam</strong></span> <span class='ocrx_word' id='word_1_203' title='bbox 863 2120 915 2161; x_wconf 88' lang='lat' dir='ltr'><strong>de</strong></span> <span class='ocrx_word' id='word_1_204' title='bbox 949 2135 1073 2161; x_wconf 85' lang='lat' dir='ltr'><strong>cervo</strong></span> <span class='ocrx_word' id='word_1_205' title='bbox 1114 2131 1156 2161; x_wconf 87' lang='lat' dir='ltr'><strong>et</strong></span> <span class='ocrx_word' id='word_1_206' title='bbox 1186 2135 1336 2177; x_wconf 85' lang='lat' dir='ltr'><strong>caprea</strong></span> <span class='ocrx_word' id='word_1_207' title='bbox 1367 2119 1506 2160; x_wconf 87' lang='lat' dir='ltr'><strong>dicere</strong></span> <span class='ocrx_word' id='word_1_208' title='bbox 1535 2133 1647 2160; x_wconf 86' lang='lat' dir='ltr'><strong>nunc</strong></span> 
     </span>
     <span class='ocr_line' id='line_1_27' title="bbox 218 2194 1646 2255; baseline 0.001 -19"><span class='ocrx_word' id='word_1_209' title='bbox 218 2194 261 2236; x_wconf 88' lang='lat' dir='ltr'><strong>in</strong></span> <span class='ocrx_word' id='word_1_210' title='bbox 302 2196 566 2253; x_wconf 83' lang='lat' dir='ltr'><strong>expositione</strong></span> <span class='ocrx_word' id='word_1_211' title='bbox 605 2197 836 2255; x_wconf 87' lang='lat' dir='ltr'><strong>praesentis</strong></span> <span class='ocrx_word' id='word_1_212' title='bbox 873 2197 1071 2240; x_wconf 79' lang='lat' dir='ltr'><strong>versiculi</strong></span> <span class='ocrx_word' id='word_1_213' title='bbox 1117 2198 1346 2249; x_wconf 87' lang='lat' dir='ltr'><strong>incumbit,</strong></span> <span class='ocrx_word' id='word_1_214' title='bbox 1395 2196 1646 2239; x_wconf 76' lang='lat' dir='ltr'><strong>conveniens</strong></span> 
     </span>
     <span class='ocr_line' id='line_1_28' title="bbox 221 2272 1645 2333; baseline 0.002 -19"><span class='ocrx_word' id='word_1_215' title='bbox 221 2272 400 2326; x_wconf 82' lang='lat' dir='ltr'><strong>videtur,</strong></span> <span class='ocrx_word' id='word_1_216' title='bbox 431 2291 481 2316; x_wconf 89' lang='lat' dir='ltr'><strong>ex</strong></span> <span class='ocrx_word' id='word_1_217' title='bbox 509 2275 726 2333; x_wconf 88' lang='lat' dir='ltr'><strong>scripturis</strong></span> <span class='ocrx_word' id='word_1_218' title='bbox 758 2277 909 2319; x_wconf 84' lang='lat' dir='ltr'><strong>divinis</strong></span> <span class='ocrx_word' id='word_1_219' title='bbox 941 2292 1191 2330; x_wconf 84' lang='lat' dir='ltr'><strong>congregare</strong></span> <span class='ocrx_word' id='word_1_220' title='bbox 1220 2293 1298 2333; x_wconf 88' lang='lat' dir='ltr'><strong>pro</strong></span> <span class='ocrx_word' id='word_1_221' title='bbox 1331 2275 1510 2327; x_wconf 79' lang='lat' dir='ltr'><strong>viribus,</strong></span> <span class='ocrx_word' id='word_1_222' title='bbox 1540 2292 1645 2333; x_wconf 89' lang='lat' dir='ltr'><strong>quae</strong></span> 
     </span>
     <span class='ocr_line' id='line_1_29' title="bbox 219 2351 1644 2410; baseline 0.001 -18"><span class='ocrx_word' id='word_1_223' title='bbox 219 2351 272 2392; x_wconf 90' lang='lat' dir='ltr'><strong>de</strong></span> <span class='ocrx_word' id='word_1_224' title='bbox 302 2351 365 2393; x_wconf 89' lang='lat' dir='ltr'><strong>his</strong></span> <span class='ocrx_word' id='word_1_225' title='bbox 397 2352 646 2396; x_wconf 85' lang='lat' dir='ltr'><strong>animalibus</strong></span> <span class='ocrx_word' id='word_1_226' title='bbox 676 2356 929 2406; x_wconf 89' lang='lat' dir='ltr'><strong>referuntur,</strong></span> <span class='ocrx_word' id='word_1_227' title='bbox 961 2354 1014 2395; x_wconf 91' lang='lat' dir='ltr'><strong>de</strong></span> <span class='ocrx_word' id='word_1_228' title='bbox 1045 2353 1196 2410; x_wconf 89' lang='lat' dir='ltr'><strong>quibus</strong></span> <span class='ocrx_word' id='word_1_229' title='bbox 1226 2354 1342 2395; x_wconf 88' lang='lat' dir='ltr'><strong>idem</strong></span> <span class='ocrx_word' id='word_1_230' title='bbox 1358 2353 1516 2405; x_wconf 86' lang='lat' dir='ltr'><strong>Moses,</strong></span> <span class='ocrx_word' id='word_1_231' title='bbox 1549 2370 1644 2395; x_wconf 87' lang='lat' dir='ltr'><strong>cum</strong></span> 
     </span>
     <span class='ocr_line' id='line_1_30' title="bbox 220 2429 1645 2489; baseline 0.001 -19"><span class='ocrx_word' id='word_1_232' title='bbox 220 2429 273 2470; x_wconf 90' lang='lat' dir='ltr'><strong>de</strong></span> <span class='ocrx_word' id='word_1_233' title='bbox 315 2430 505 2473; x_wconf 83' lang='lat' dir='ltr'><strong>carnibus</strong></span> <span class='ocrx_word' id='word_1_234' title='bbox 548 2433 817 2489; x_wconf 83' lang='lat' dir='ltr'><strong>loqueretur,</strong></span> <span class='ocrx_word' id='word_1_235' title='bbox 866 2448 970 2489; x_wconf 87' lang='lat' dir='ltr'><strong>quae</strong></span> <span class='ocrx_word' id='word_1_236' title='bbox 1009 2431 1053 2472; x_wconf 87' lang='lat' dir='ltr'><strong>in</strong></span> <span class='ocrx_word' id='word_1_237' title='bbox 1093 2430 1210 2472; x_wconf 87' lang='lat' dir='ltr'><strong>omni</strong></span> <span class='ocrx_word' id='word_1_238' title='bbox 1241 2431 1451 2473; x_wconf 88' lang='lat' dir='ltr'><strong>desiderio</strong></span> <span class='ocrx_word' id='word_1_239' title='bbox 1483 2431 1645 2474; x_wconf 85' lang='lat' dir='ltr'><strong>animae</strong></span> 
     </span>
    </p>
   </div>
   <div class='ocr_carea' id='block_1_3' title="bbox 222 2508 1643 2567">
    <p class='ocr_par' dir='ltr' id='par_1_4' title="bbox 222 2508 1643 2567">
     <span class='ocr_line' id='line_1_31' title="bbox 222 2508 1643 2567; baseline 0.001 -19"><span class='ocrx_word' id='word_1_240' title='bbox 222 2508 549 2550; x_wconf 86' lang='lat' dir='ltr'><strong>comederentur</strong></span> <span class='ocrx_word' id='word_1_241' title='bbox 577 2525 664 2551; x_wconf 91' lang='lat' dir='ltr'><strong>non</strong></span> <span class='ocrx_word' id='word_1_242' title='bbox 695 2509 863 2551; x_wconf 82' lang='lat' dir='ltr'><strong>oblatae</strong></span> <span class='ocrx_word' id='word_1_243' title='bbox 894 2509 946 2550; x_wconf 87' lang='lat' dir='ltr'><strong>ad</strong></span> <span class='ocrx_word' id='word_1_244' title='bbox 976 2509 1125 2550; x_wconf 81' lang='lat' dir='ltr'><strong>altare:</strong></span> <span class='ocrx_word' id='word_1_245' title='bbox 1156 2508 1264 2550; x_wconf 85' lang='lat' dir='ltr'><strong>sicut</strong></span> <span class='ocrx_word' id='word_1_246' title='bbox 1294 2526 1464 2567; x_wconf 86' lang='lat' dir='ltr'><strong>caprea,</strong></span> <span class='ocrx_word' id='word_1_247' title='bbox 1494 2508 1643 2566; x_wconf 85' lang='lat' dir='ltr'><strong>inquit,</strong></span> 
     </span>
    </p>
   </div>
   <div class='ocr_carea' id='block_1_4' title="bbox 309 2615 549 2619">
    <p class='ocr_par' dir='ltr' id='par_1_5' title="bbox 309 2615 549 2619">
     <span class='ocr_line' id='line_1_32' title="bbox 309 2615 549 2619; baseline 0 0"><span class='ocrx_word' id='word_1_248' title='bbox 309 2615 549 2619; x_wconf 95' lang='lat' dir='ltr'><strong> </strong></span> 
     </span>
    </p>
   </div>
   <div class='ocr_carea' id='block_1_5' title="bbox 337 2683 1585 2952">
    <p class='ocr_par' dir='ltr' id='par_1_6' title="bbox 337 2683 1585 2884">
     <span class='ocr_line' id='line_1_33' title="bbox 343 2683 1585 2740; baseline 0 -15"><span class='ocrx_word' id='word_1_249' title='bbox 343 2686 383 2740; x_wconf 86' lang='lat'><strong>¹)</strong></span> <span class='ocrx_word' id='word_1_250' title='bbox 416 2683 525 2726; x_wconf 86' lang='lat' dir='ltr'><strong>Edd.</strong></span> <span class='ocrx_word' id='word_1_251' title='bbox 555 2683 617 2726; x_wconf 83' lang='lat' dir='ltr'><strong>M.</strong></span> <span class='ocrx_word' id='word_1_252' title='bbox 647 2683 918 2736; x_wconf 88' lang='lat' dir='ltr'><strong>„Consimilis</strong></span> <span class='ocrx_word' id='word_1_253' title='bbox 949 2690 1037 2726; x_wconf 89' lang='lat' dir='ltr'><strong>est“</strong></span> <span class='ocrx_word' id='word_1_254' title='bbox 1069 2696 1145 2727; x_wconf 87' lang='lat' dir='ltr'><strong>etc.</strong></span> <span class='ocrx_word' id='word_1_255' title='bbox 1178 2710 1233 2720; x_wconf 89' lang='lat'>—</span> <span class='ocrx_word' id='word_1_256' title='bbox 1263 2683 1422 2728; x_wconf 69' lang='lat' dir='ltr'><strong>cantic.</strong></span> <span class='ocrx_word' id='word_1_257' title='bbox 1452 2684 1518 2735; x_wconf 89' lang='lat' dir='ltr'><strong>II,</strong></span> <span class='ocrx_word' id='word_1_258' title='bbox 1546 2684 1585 2727; x_wconf 62' lang='lat' dir='ltr'><strong>9ss</strong></span> 
     </span>
     <span class='ocr_line' id='line_1_34' title="bbox 341 2753 1543 2813; baseline -0.001 -17"><span class='ocrx_word' id='word_1_259' title='bbox 341 2755 383 2812; x_wconf 87' lang='lat'><strong>²)</strong></span> <span class='ocrx_word' id='word_1_260' title='bbox 414 2754 524 2796; x_wconf 84' lang='lat' dir='ltr'><strong>Edd.</strong></span> <span class='ocrx_word' id='word_1_261' title='bbox 554 2754 616 2797; x_wconf 86' lang='lat' dir='ltr'><strong>M.</strong></span> <span class='ocrx_word' id='word_1_262' title='bbox 645 2755 928 2806; x_wconf 84' lang='lat' dir='ltr'><strong>‚,babeatur.“</strong></span> <span class='ocrx_word' id='word_1_263' title='bbox 1049 2755 1093 2813; x_wconf 84' lang='lat'><strong>3)</strong></span> <span class='ocrx_word' id='word_1_264' title='bbox 1123 2756 1252 2797; x_wconf 84' lang='lat' dir='ltr'><strong>Deut.</strong></span> <span class='ocrx_word' id='word_1_265' title='bbox 1281 2755 1406 2805; x_wconf 86' lang='lat' dir='ltr'><strong>XIV,</strong></span> <span class='ocrx_word' id='word_1_266' title='bbox 1435 2753 1473 2796; x_wconf 83' lang='grc'><strong>4.</strong></span> <span class='ocrx_word' id='word_1_267' title='bbox 1504 2754 1543 2796; x_wconf 85' lang='grc'><strong>5.</strong></span> 
     </span>
     <span class='ocr_line' id='line_1_35' title="bbox 337 2824 1466 2884; baseline -0.001 -18"><span class='ocrx_word' id='word_1_268' title='bbox 337 2825 381 2882; x_wconf 79' lang='lat'><strong>⁴)</strong></span> <span class='ocrx_word' id='word_1_269' title='bbox 411 2824 566 2867; x_wconf 86' lang='lat' dir='ltr'><strong>Psalm.</strong></span> <span class='ocrx_word' id='word_1_270' title='bbox 596 2825 744 2875; x_wconf 85' lang='lat' dir='ltr'><strong>XLII,</strong></span> <span class='ocrx_word' id='word_1_271' title='bbox 773 2824 811 2868; x_wconf 87' lang='lat'><strong>1.</strong></span> <span class='ocrx_word' id='word_1_272' title='bbox 933 2826 974 2884; x_wconf 86' lang='lat'><strong>⁵)</strong></span> <span class='ocrx_word' id='word_1_273' title='bbox 1004 2826 1113 2868; x_wconf 84' lang='lat' dir='ltr'><strong>Edd.</strong></span> <span class='ocrx_word' id='word_1_274' title='bbox 1145 2827 1206 2868; x_wconf 85' lang='grc' dir='ltr'><strong>Μ’.</strong></span> <span class='ocrx_word' id='word_1_275' title='bbox 1238 2824 1466 2877; x_wconf 81' lang='lat' dir='ltr'><strong>‚,sc1·ibit.“</strong></span> 
     </span>
    </p>

    <p class='ocr_par' dir='ltr' id='par_1_7' title="bbox 338 2894 803 2952">
     <span class='ocr_line' id='line_1_36' title="bbox 338 2894 803 2952; baseline -0.006 -14"><span class='ocrx_word' id='word_1_276' title='bbox 338 2895 381 2952; x_wconf 74' lang='grc'><strong>6)</strong></span> <span class='ocrx_word' id='word_1_277' title='bbox 410 2895 522 2937; x_wconf 83' lang='lat' dir='ltr'><strong>Edd.</strong></span> <span class='ocrx_word' id='word_1_278' title='bbox 554 2895 614 2937; x_wconf 81' lang='lat' dir='ltr'><strong>M.</strong></span> <span class='ocrx_word' id='word_1_279' title='bbox 646 2894 803 2948; x_wconf 47' lang='lat' dir='ltr'><strong>„fiatst‘</strong></span> 
     </span>
    </p>
   </div>
  </div>
 </body>
</html>
