1763 3112
616 119 662 149 m
689 105 716 148 J
720 116 942 148 Enssmmm.
1402 106 1484 151 473

77 215 329 274 ροξὺνουσα
359 219 421 267 εἰς
448 215 653 277 πόλεμον
681 216 784 267 τούς
803 213 1066 266 ἀκούοντας.
1118 217 1337 260 Τοιοῦτον
1353 217 1485 261 ἐποί-

75 309 154 349 ησε
184 292 264 337 τὸν
280 295 471 338 Παῦλον
501 292 577 337 διὰ
607 296 876 352 πειρασμῶν
905 296 1125 337 ποικίλων
1144 291 1171 348 ἡ
1191 294 1361 351 σφῦρα,
1392 311 1487 352 μη-

77 371 156 414 δὲν
183 371 270 427 μὲν
300 371 347 419 ἐξ
376 369 510 426 αὐτῆς
539 368 774 426 παθόντα,
817 367 996 430 μεγάλῃ
1025 370 1076 414 δὲ
1108 372 1240 431 φωνῇ
1268 369 1383 427 πρὸς
1412 373 1487 426 τῆς

76 450 234 496 κακίας
263 448 544 505 διεγείροντα
573 446 794 505 πόλεμον.
849 445 1111 505 Ἐργὰζεται
1149 447 1238 504 μὲν
1272 445 1300 502 ἡ
1332 449 1487 505 σφῦρα

75 522 156 567 τὸν
182 524 457 583 πειρασμὸν,
491 524 704 580 ὑπηρετεῖ
729 525 778 569 δὲ
808 527 858 586 τῇ
891 523 1046 584 σφύρᾳ
1078 522 1100 569 6
1130 522 1226 569 ἀπὸ
1256 526 1335 569 τοῦ
1364 521 1488 568 Κάῖν

75 599 386 658 σφυροκόπος,
420 600 665 660 ὁχαλκεῦς
691 604 868 659 χαλκοῦ
899 605 975 645 καὶ
1005 600 1207 657 σιδήρου.
1273 603 1488 650 Τοιοῦτος

77 675 100 721 6
132 679 207 721 ἐπὶ
238 681 316 722 τοῦ
347 683 544 739 σωτῆρος
572 677 757 735 Ἰούδας,
792 682 865 723 καὶ
896 682 961 724 οἱ·
995 678 1241 738 ,,σταὺρου,
1263 678 1303 736 ¹)
1347 674 1486 722 σταύ-

76 771 158 813 ρου
188 754 352 800 αὐτόν·
371 758 400 780 “
432 755 712 817 κεκραγότες,
746 756 822 801 διὰ
853 759 943 801 τῶν
971 753 1189 801 τοιούτων
1206 752 1489 815 ὑπηρετούν-

74 847 165 876 των
192 835 242 894 tf]
278 831 449 891 σφῦρα.

190 912 318 964 ,,Καὶ
333 910 375 967 2)
408 909 616 968 ἐξήνεγκε
646 908 699 954 τὰ
730 908 863 965 σκεύη
905 909 1042 968 ὀργῆς
1081 909 1273 953 αὐτοῦ.“
1340 906 1489 964 Σκεύη

76 984 215 1043 ὀργῆς
242 989 319 1030 καὶ
351 985 373 1031 6
407 985 660 1036 ἀπόστολος
691 984 787 1031 οἶδε
805 990 1133 1044 κατηρτισμένα
1162 988 1224 1036 εἰς
1240 984 1486 1041 ἀπώλειαν,

74 1065 150 1108 ἵνα
178 1068 378 1125 γνωρίσῃ
418 1063 498 1108 τὸν
536 1067 734 1108 πλοῦτον
776 1066 848 1119 τῆς
884 1061 1018 1119 δόξης
1058 1062 1197 1108 αὐτοῦ
1239 1064 1316 1107 ἐπὶ
1354 1060 1490 1117 σκεύη

74 1139 238 1189 ἐλέους.
297 1139 482 1190 Πάντας
517 1139 608 1198 γὰρ
650 1138 923 1199 ἀνθρώπους
960 1144 1020 1189 εἰς
1058 1137 1143 1184 δύο
1183 1142 1324 1184 ταῦτα
1353 1140 1490 1184 διεῖλε

75 1214 226 1272 σκεύη,
258 1215 312 1261 τὰ
340 1218 429 1274 μὲν
459 1216 611 1277 ὀργῆς,
645 1216 698 1260 τὰ
729 1218 780 1261 δὲ
810 1218 982 1266 ἐλέους·
1014 1214 1068 1260 τὰ
1085 1218 1188 1274 μὲν,
1222 1212 1313 1266 οἷος
1338 1214 1360 1260 6
1385 1221 1490 1259 Φα-

73 1292 183 1352 ραώ,
215 1297 292 1338 καὶ
323 1297 366 1338 οἱ
393 1292 666 1352 Αἰγύπτιοι·
708 1293 762 1338 τὰ
793 1295 866 1350 δὲ,
908 1289 1000 1344 οἶος
1031 1293 1053 1338 6
1084 1295 1291 1349 Παῦλος,
1341 1295 1417 1337 καὶ
1448 1294 1492 1337 οἱ

76 1368 409 1421 πιστεύσαντες.
464 1370 596 1415 Ἀλλὰ
639 1377 700 1421 τίς
746 1370 768 1416 ὁ
807 1369 1038 1429 θησαυρὸς
1066 1375 1251 1430 κυρίου,
1285 1370 1335 1414 ἐν
1367 1360 1404 1427 ᾧ
1432 1368 1486 1413 τα

77 1446 214 1503 σκεύη
244 1451 320 1502 τῆς
350 1448 510 1506 ὀργῆς;
532 1446 659 1498 Ἴσως
687 1447 711 1503 ἦ
747 1449 974 1504 ἐκκλησία,
1008 1449 1058 1493 ἐν
1090 1440 1114 1509 ᾖ
1143 1450 1338 1492 τοιοῦτοι
1370 1450 1490 1492 πολ-

73 1523 204 1576 λάκις
230 1523 557 1570 λανθάνουσιν.
607 1522 733 1570 ’Ἐστι
763 1527 814 1571 δὲ
846 1524 868 1570 6
900 1526 1066 1584 καιρὸς,
1103 1524 1172 1570 ὅτε
1204 1524 1381 1582 ἀνοίγει
1410 1523 1492 1580 τὴν

75 1603 330 1658 ἐκκλησίαν.
389 1606 490 1648 Νῦν
518 1601 608 1661 γὰρ
639 1607 909 1659 κέκλεισται,
949 1606 1026 1646 καὶ
1053 1601 1108 1647 τὰ
1139 1599 1273 1657 σκεύη
1303 1604 1378 1657 τῆς
1409 1600 1490 1658 ὀρ-

74 1682 157 1737 γῆς
184 1678 296 1738 μετὰ
327 1683 419 1725 τῶν
449 1683 624 1725 σκευῶν
652 1683 729 1724 τοῦ
761 1681 911 1730 ἐλέους
941 1683 1135 1737 νέμεται,
1167 1682 1244 1722 καὶ
1268 1676 1322 1723 τὰ
1343 1673 1490 1736 ἄχυρα

75 1756 188 1814 μετὰ
220 1761 298 1802 τοῦ
330 1762 458 1802 σίτου
488 1761 589 1813 εἰσὶ,
622 1760 699 1800 καὶ
730 1757 780 1802 ἐν
807 1759 890 1814 μιᾷ
923 1755 1097 1818 σαγήνῃ
1140 1759 1186 1800 οῖ’
1211 1772 1256 1800 τε
1286 1752 1491 1811 ἀπόβλη-

76 1851 158 1890 τοι,
189 1837 268 1878 καὶ
299 1837 342 1879 οἱ
370 1836 568 1880 ἐκλεκτοὶ
597 1833 766 1892 ἰχθύες.
820 1834 1014 1895 Ἀνοίγει
1050 1834 1101 1878 δὲ
1138 1831 1219 1877 τὸν
1256 1830 1492 1901 ι’,ὶησαυρόν

76 1911 216 1956 αὐτοῦ
248 1910 270 1956 ὁ
302 1910 456 1969 κύριος
484 1912 597 1957 κατὰ
637 1912 717 1957 τὸν
753 1909 916 1970 καιρὸν
953 1913 1029 1967 τῆς
1058 1914 1266 1968 κρίσεως,
1299 1908 1372 1954 ὅτε
1402 1911 1492 1954 τῶν

77 1992 253 2034 σκευῶν
283 1992 360 2046 τῆς
389 1990 524 2048 ὀργῆς
553 1992 912 2046 ἐκβαλλομένων,
946 1987 968 2032 ὁ
986 1989 1135 2037 ἐλέους
1165 1989 1322 2036 σκεῦος
1337 1984 1491 2043 ὑπάρ-

71 2083 172 2124 χων
199 2071 321 2112 εἴποι
352 2064 410 2111 ἄν
439 2065 642 2116 εἰκότως·
685 2067 969 2123 ,,ἐ’ξῆλθον3)
1008 2064 1085 2122 ἀφ’
1118 2062 1275 2122 ἡμῶν,
1318 2062 1371 2107 οὐ
1400 2061 1490 2122 γὰρ

76 2137 194 2198 ἦσαν
234 2145 281 2194 ἐξ
325 2143 509 2203 ἧμῶν.“
573 2143 640 2188 Τὰ
680 2146 734 2189 δὲ’
760 2145 842 2194 ἔξω
882 2145 962 2187 τοῦ
1006 2145 1239 2200 θησαυροῦ
1278 2137 1491 2199 ἁμαρτά-

79 2236 231 2275 νοντα,
264 2219 398 2275 σκεύη
431 2221 568 2282 ὀργῆς
597 2222 742 2278 ἔστιν,
784 2220 875 2264 ἀλλ’
908 2217 1140 2264 ἐλάττονα.
1199 2220 1372 2262 Δοῦλοι
1400 2214 1491 2274 γάρ

77 2301 178 2354 εἰσι,
208 2297 271 2355 μὴ
303 2297 469 2348 εἰδότες
497 2297 546 2343 τὸ
575 2302 752 2356 θέλημα
782 2301 862 2343 τοῦ
900 2301 1058 2356 κυρίου
1100 2295 1280 2350 αὐτῶν,
1321 2296 1398 2338 καὶ
1425 2291 1489 2352 μὴ

77 2378 312 2425 ποιοῦντες
349 2372 473 2420 αὐτό.
542 2375 690 2433 Σκεύη
740 2381 896 2422 τοίνυν
935 2377 1052 2420 εῗσὶν
1090 2371 1243 2422 ἁπλῶς
1281 2373 1342 2422 εἰς
1382 2367 1491 2417 ἄλλο

79 2450 348 2514 τηρούμενα.

191 2528 312 2587 ,ζὈτι
325 2523 370 2586 ⁴)
400 2528 496 2586 ἥκει
525 2529 550 2585 ἡ
582 2528 728 2589 ἡμέρα
759 2530 957 2576 αὐτῶν.“
996 2526 1206 2583 “Ὴξουσι,
1241 2528 1371 2585 φησὶ,
1403 2528 1493 2570 τῶν

201 2691 240 2746 ¹)
273 2691 358 2733 Cfr.
389 2692 491 2733 Luc.
522 2691 682 2742 XXIII,
712 2690 779 2735 21.
811 2690 909 2732 coll.
941 2705 1003 2732 ev.
1032 2688 1185 2731 Joann.
1215 2686 1336 2738 XIX,
1364 2686 1404 2729 fi.

198 2761 240 2815 ²)
269 2760 423 2802 Jerem.
454 2763 500 2813 L,
530 2761 598 2806 25.
718 2761 761 2817 3)
793 2762 881 2807 Cfr.
911 2762 929 2803 Ῑ
959 2760 1109 2803 Joann.
1140 2759 1196 2810 ΙΙ,
1229 2756 1297 2803 19·

200 2831 241 2887 ⁴)
270 2832 424 2874 Jerem.
456 2833 502 2883 L,
531 2830 597 2876 27.
