1763 3112
265 70 349 114 400
687 66 907 106 Omossms
937 75 982 105 m
1015 63 1038 103 J
1044 74 1256 104 naamam

264 182 465 237 scriptum
496 189 576 219 est:
613 176 784 232 ‚‚non¹)
823 191 991 216 necesse
1032 175 1187 215 habent
1217 172 1305 214 sani
1335 172 1570 226 medicum,
1610 177 1683 217 sed

264 259 375 300 male
404 258 643 298 habentes.“
718 251 816 293 Alio
848 252 1071 293 intellectu
1101 262 1268 308 pastor,
1307 251 1539 291 secundum
1569 252 1685 307 quod

263 333 619 377 irrationabilibus
658 341 834 386 praeest.
907 329 1008 371 Alio
1051 329 1272 370 intellectu
1309 343 1402 378 rex,
1455 329 1686 369 secundum

265 414 382 470 quod
410 407 729 453 rationabilibus
760 406 1034 463 principatur.
1099 405 1199 446 Alio
1217 405 1436 446 intellectu
1458 405 1553 446 vitis
1576 421 1686 456 vera,

264 491 495 533 secundum
536 486 651 543 quod
690 484 835 526 inserti
873 485 915 525 in
955 500 1046 525 eam
1077 483 1266 524 homines
1306 482 1542 523 uberrimos
1583 483 1688 523 affe·

272 579 370 609 runt
400 568 573 613 fructus,
607 574 648 603 et
680 561 833 602 exculti
863 577 886 601 a
921 574 1040 617 patre
1071 560 1254 614 agricola
1273 559 1572 615 pinguedinem
1593 559 1688 601 vitis

268 660 389 685 verae
423 659 469 683 ex
499 640 622 681 unius
652 638 804 680 radicis
843 639 1058 680 consortio
1099 648 1324 679 assumunt.
1392 636 1518 678 Juxta
1557 636 1686 677 alium

266 721 530 762 intellectum
560 716 762 773 sapientia
780 748 791 767 ,
821 715 934 774 juxta
963 717 1093 757 alium
1122 715 1295 765 veritas,
1325 713 1438 771 juxta
1467 714 1596 755 alium
1628 713 1693 771 ju-

266 798 390 842 stitia.
450 796 752 837 Verumtamen
781 793 998 852 subjacens
1028 810 1161 834 unum
1193 804 1265 834 est.
1321 791 1557 846 Quomodo
1590 807 1688 844 ergo

268 876 312 916 in
343 875 565 917 Salvatore
595 888 681 913 uno
721 872 962 931 subjacente
1002 870 1179 928 plurimi
1213 870 1453 910 intellectus
1493 880 1591 910 sunt
1630 868 1694 909 di-

268 967 488 993 versorum
528 950 616 1007 ejus
656 950 904 990 nominum:
948 949 1007 991 sic
1047 960 1088 990 et
1133 960 1300 989 terrena
1345 945 1535 1000 negotia,
1579 945 1692 1003 juxta
1748 963 1763 969 ·

267 1027 483 1087 subjacens
523 1027 696 1084 quidem
735 1044 867 1068 unum
912 1038 1028 1076 sunt,
1074 1025 1188 1083 juxta
1237 1035 1378 1065 autem
1426 1023 1691 1065 intellectum

266 1105 464 1162 plurima.
532 1104 798 1160 Frequenter
842 1103 1161 1157 allegorizantes
1200 1102 1467 1159 Babylonem
1512 1100 1691 1141 diximus

265 1182 434 1234 negotia
464 1197 551 1221 esse
581 1192 760 1231 terrena,
792 1196 898 1237 quae
928 1195 1097 1235 semper
1126 1181 1300 1221 confusa
1329 1190 1425 1220 sunt
1454 1178 1578 1229 vitiis,
1609 1179 1692 1219 Ae-

265 1270 439 1316 gyptum
468 1256 665 1298 similiter
692 1256 942 1310 affligentia3
974 1256 1287 1298 Chaldaeorum
1317 1271 1417 1296 vero
1448 1267 1604 1296 terram
1635 1256 1691 1295 ob

266 1336 324 1385 id,
356 1334 452 1391 quia
480 1334 686 1390 plurima,
726 1350 831 1390 quae
861 1345 1062 1386 geruntur
1099 1334 1144 1374 in
1181 1333 1327 1383 terris,
1373 1332 1507 1373 stellis
1547 1347 1693 1373 conse-

268 1423 398 1462 crent,
430 1423 472 1452 et
500 1423 774 1467 peccatorum
804 1423 1050 1452 nostrorum
1080 1425 1243 1462 causas,
1273 1409 1361 1450 sive
1392 1407 1590 1450 virtutem
1620 1425 1692 1449 eo-

266 1505 382 1538 rum,
432 1504 538 1544 quae
584 1488 780 1530 accidunt
816 1489 961 1538 nobis,
1009 1504 1057 1528 ex
1103 1504 1246 1529 earum
1283 1486 1469 1527 motibus
1511 1497 1694 1527 asserant

270 1567 377 1617 fieri,
409 1582 482 1607 eos
515 1582 602 1607 esse
635 1566 837 1617 diximus,
870 1565 942 1622 qui
972 1565 1125 1606 talibus
1149 1581 1193 1606 se
1223 1563 1591 1621 superstitionibus
1622 1563 1694 1603 de-

269 1643 524 1684 dicaverunt.
586 1643 736 1686 Omnis
767 1644 916 1697 igitur,
955 1642 1028 1699 qui
1065 1641 1129 1683 his
1165 1641 1318 1691 credit,
1354 1641 1399 1682 in
1427 1653 1538 1682 terra
1569 1640 1694 1682 Chal-

269 1721 472 1762 daeorum
510 1732 586 1762 est.
655 1721 703 1764 Si
745 1721 836 1778 quis
877 1732 1065 1761 vestrum
1104 1718 1502 1761 mathematicorum
1540 1717 1692 1759 delira-

267 1810 410 1840 menta
438 1809 633 1848 sectatur,
662 1798 707 1839 in
735 1810 846 1839 terra
877 1797 1190 1840 Chaldaeorum
1221 1809 1293 1839 est.
1366 1796 1414 1838 Si
1459 1795 1550 1852 quis
1587 1794 1694 1836 nati—

269 1876 406 1917 vitatis
438 1876 551 1916 diem
583 1887 806 1932 supputat,
838 1887 879 1916 et
910 1875 1031 1916 variis
1062 1876 1264 1916 horarum
1292 1885 1694 1929 momentorumque

268 1953 500 1995 rationibus
533 1954 706 1994 credens
736 1953 819 1993 hoc
850 1953 1002 2004 dogma
1032 1951 1219 2006 suscipit,
1252 1951 1349 2006 quia
1377 1950 1522 1990 stellae
1551 1948 1694 1990 taliter

270 2043 311 2072 et
342 2030 484 2072 taliter
511 2030 710 2083 figuratae
740 2029 899 2070 faciunt
936 2029 1129 2069 homines
1169 2027 1432 2078 luxuriosos,
1463 2025 1692 2075 adulteros,

270 2121 418 2160 castos,
447 2120 519 2149 aut
548 2120 661 2149 certe
692 2108 975 2164 quodcunque
1016 2121 1188 2155 eorum,
1227 2104 1305 2145 iste
1343 2104 1386 2144 in
1424 2115 1535 2144 terra
1567 2103 1693 2144 Chal-

268 2188 473 2228 daeorum
504 2197 579 2231 est.
635 2186 733 2228 Jam
766 2184 938 2241 quidam
970 2182 1266 2238 existimant2)
1299 2197 1346 2222 ex
1368 2192 1579 2222 astrorum
1601 2197 1695 2221 cur-

266 2265 379 2307 sibus
413 2263 672 2306 Christianos
701 2263 810 2310 fieri,
859 2261 1088 2317 Quotquot
1108 2271 1249 2300 autem
1275 2258 1353 2299 ista
1382 2258 1539 2315 sapitis,
1571 2269 1695 2314 quot-

269 2355 374 2398 quot
421 2342 544 2383 dictis
593 2342 682 2383 istis
735 2340 929 2390 creditis,
973 2338 1016 2379 in
1059 2350 1169 2378 terra
1214 2337 1527 2379 Chaldaeorum
1583 2335 1692 2377 estis.

267 2419 540 2461 Comminans
592 2435 690 2472 ergo
720 2419 839 2459 Deus
883 2416 970 2468 his,
1026 2415 1097 2471 qui
1141 2415 1186 2456 in
1229 2426 1341 2456 terra
1381 2413 1693 2456 Chaldaeorum

268 2508 385 2547 sunt,
429 2495 491 2536 his
522 2495 798 2551 spiritualiter
829 2493 1132 2543 comminatur,
1178 2491 1251 2549 qui
1281 2508 1323 2533 se
1353 2492 1469 2548 ipsos
1499 2491 1694 2543 genealo-

265 2574 341 2627 giis
373 2585 414 2614 et
443 2574 530 2614 fato
564 2572 920 2623 consecraverint,
961 2555 1188 2613 asserentes
1220 2581 1389 2618 cuncta,
1439 2584 1545 2624 quae
1584 2567 1693 2608 inter

267 2651 469 2691 mortales
497 2651 628 2701 fiunt,
667 2661 737 2691 aut
768 2667 816 2691 ex
846 2661 1056 2691 astrorum
1085 2647 1296 2697 motibus,
1336 2656 1406 2686 aut
1438 2661 1487 2686 ex
1516 2643 1591 2685 fati
1619 2659 1692 2685 ne-

388 2810 426 2866 ¹)
459 2810 608 2854 Matth.
639 2812 717 2863 lX,
750 2810 815 2855 12.
936 2810 979 2866 ²)
1009 2810 1119 2852 Edd.
1149 2809 1210 2851 M.
1246 2804 1550 2859 ‚‚existiment.“
