1734 3112
617 96 818 137 HOM1L1A
846 96 922 136 XI.
1395 100 1479 146 225

7 207 14 279 ss
58 211 189 262 ἀξίως
225 212 304 254 τοῦ
344 207 511 262 τόπου,
554 206 612 256 ὠς
652 207 835 252 ἀπαιτεῖ
875 206 898 251 6
940 205 1091 265 λόγος.
1162 211 1365 255 Ἀπαιτεῖ
1397 215 1475 256 καὶ

7 290 13 326 ι’
56 287 175 345 ὐιιᾶς
202 289 334 342 βιοῦν
364 282 386 328 6
417 281 552 340 λόγος
580 286 748 339 καλῶς,
791 287 867 327 καὶ
904 282 1048 342 ἡμᾶς·
1092 284 1184 329 αλλ’
1220 289 1258 331 εἰ
1289 288 1362 331 δεῖ
1389 287 1472 332 οὕ-

6 365 13 425 ᾖ
53 382 137 414 τως
166 368 332 408 εἰπεῖν·
364 362 589 416 ,,δυνατοὶ
620 363 820 410 δυνατῶς
851 359 1195 417 ἑτασθήσονται.
1201 364 1231 385 “
1300 365 1472 407 Πλεῖον

3 441 10 479 1
52 440 142 499 ἐγώ
169 440 454 495 ιῖπαιτοῦμαι
484 437 609 494 παρὰ
639 436 718 481 τὸν
749 436 984 494 διάκονον,
1018 442 1177 484 πλεῖον
1209 438 1230 483 6
1259 437 1471 490 διάκονος

0 503 10 559 λ
50 516 174 573 παρὰ
203 514 282 560 τὸν
311 513 483 559 λαϊκόν.
551 513 596 558 Ὁ
642 516 692 559 δὲ
731 513 812 570 τὴν
843 513 1030 559 πάντων
1059 514 1190 573 ἡμῶν
1221 517 1468 574 ἐγκεχειρι-

0 580 10 647 I
51 599 213 651 σμένος
250 591 396 652 ἀρχὴν
437 591 579 646 αὐτὴν
627 591 710 646 τὴν
747 591 1141 649 ἕκκλησιαστικὴν,
1192 595 1269 637 ἐπὶ
1308 597 1470 639 πλεῖον

0 651 10 735 f·
50 671 316 714 ἀπαιτεῖται.
377 668 465 712 Δια
506 672 637 714 τοῦτο
681 668 703 713 6
746 673 1102 727 πεπιστευιιενος
1140 669 1193 713 τὰ
1232 670 1412 729 μεγάλα
1443 670 1465 716 ό

0 738 24 798 5.
50 747 314 802 ἀπόστολος,
348 746 554 802 ἀκούετε,
588 752 751 805 ([ησίν
792 746 1023 803 ,,οἶι’τως“)
1064 746 1184 803 ἡιιᾶς
1220 753 1467 806 λογιζέσθω

0 800 7 834 Ε
47 821 290 880 α’νθρωπος
320 822 378 872 ὠς
407 822 628 882 ὑπηρέτας
657 828 872 883 Χριστοῦ,
905 827 982 867 καὶ
1010 822 1281 880 οῗκονόιιους
1293 841 1468 882 ιιυστη-

0 930 7 949 ,
48 907 156 961 ρίων
184 904 310 946 θεοιἼ
357 897 412 945 Ο
452 903 502 944 δὲ
540 899 704 944 λοιπὸν
744 906 929 956 ζητειται
960 903 1009 945 ἐν
1055 907 1146 950 τοῖς
1191 901 1465 961 οἰκονόμοις,

0 984 6 1034 ῥ
46 982 119 1024 ἵνα
147 976 306 1027 πιστός
328 995 391 1028 τις
422 976 637 1037 εὑρεθῇ.“
707 982 799 1020 Καὶ
835 977 974 1027 οὕτως
1004 976 1204 1022 σπάνιόν
1233 981 1358 1023 ἔστιν
1385 978 1465 1024 εὑ-

0 1074 5 1105 k
46 1058 230 1117 ρεθῆναι
262 1053 510 1112 οἰκονόμον
539 1054 717 1110 πιστὸν,
750 1058 826 1098 καὶ
856 1053 1011 1099 καλόν.
1079 1055 1249 1110 Ἰησοῦς
1279 1054 1303 1100 ὁ
1334 1055 1465 1105 εἰδώς

0 1151 2 1154 ·
43 1131 96 1177 τὰ
126 1130 276 1176 πάντα
306 1136 416 1189 πρὶν
446 1136 662 1190 γενέσεως
677 1131 840 1187 αὐτῶν,
873 1136 1015 1190 λέγει·
1046 1133 1202 1190 „rig-2)
1233 1129 1321 1192 ἄρα
1339 1134 1462 1178 ἐστὶν

45 1208 68 1254 6
97 1209 255 1259 πιστὸς
286 1207 528 1267 οἰκονόμος
557 1213 634 1253 καὶ
664 1207 906 1268 φρόνιμος,
941 1206 994 1253 ὃν
1023 1208 1292 1265 καταστήσει
1323 1210 1346 1254 6
1378 1208 1461 1255 κύ-

0 1323 2 1326 ,
43 1303 134 1345 ριος
164 1287 300 1331 αὐτοῦ
339 1289 415 1331 ἐπὶ
453 1290 528 1342 τῆς
566 1291 707 1335 οἰκίας
737 1286 902 1342 αὐτοῦ,
943 1284 1127 1330 διδόναι
1157 1287 1207 1330 ἐν
1236 1290 1378 1344 καιρῷ
1409 1286 1458 1331 τὸ

40 1369 322 1424 σιτομέτριον
360 1370 453 1413 τοῖς
491 1362 672 1412 δούλοις
710 1362 872 1415 αὐτοῦ,·
890 1365 918 1385 “
977 1361 1090 1406 Εἶτα
1128 1367 1366 1421 ιιέιιφεταί
1391 1382 1459 1408 τι·-

39 1457 119 1490 νας
149 1439 433 1497 οἰκονόμους,
467 1443 543 1484 καὶ
573 1444 714 1496 λέγει·
762 1438 936 1496 ,,ἒιὶν3)
968 1441 1019 1484 δὲ
1046 1438 1235 1496 ἄρξηται
1265 1440 1288 1485 6
1322 1441 1460 1491 κακὸς

39 1519 202 1567 δοῦλος
231 1522 401 1575 λέγειν·
426 1520 624 1576 χρονίζει
654 1533 746 1575 μου
780 1514 970 1574 όκὺριος
995 1519 1235 1575 ἔρχεσθαι·
1267 1522 1345 1562 καὶ
1370 1516 1456 1578 ἅρ-

38 1599 163 1650 ξηται
200 1593 383 1639 τύπτειν
422 1593 526 1644 τοὺς
564 1592 842 1641 συνδούλους
874 1593 1033 1649 αὐτοῦ,
1074 1599 1152 1637 καὶ
1189 1595 1266 1644 τὰς
1295 1598 1456 1639 παιδί-

38 1686 165 1727 σκας,
208 1673 380 1716 ἐσθίειν
420 1688 463 1716 τε
505 1674 582 1714 καὶ
609 1676 775 1726 πίνειν,
819 1674 897 1714 καὶ
927 1669 1265 1728 μεθύσκεσθαι·
1306 1672 1399 1728 ἥξει
1430 1673 1453 1718 6

36 1747 189 1809 κύριος
224 1752 303 1793 τοῦ
344 1746 513 1793 δούλου
552 1749 728 1792 ἐκείνου
767 1749 817 1792 ἐν
855 1746 1025 1805 ἡμέρᾳ,
1058 1740 1085 1808 ᾗ
1117 1748 1168 1793 οὐ
1198 1752 1453 1808 προσδοκᾷ,

35 1829 111 1872 καὶ
140 1828 191 1871 ἐν
221 1825 330 1883 ὥρα,
363 1818 388 1887 ἧ
419 1825 470 1870 οὐ
499 1822 726 1883 γινώσκει,
759 1827 837 1868 καὶ
868 1823 1159 1883 διχοτομήσει
1189 1826 1342 1883 αὐτὸν,
1377 1832 1454 1872 καὶ

34 1903 82 1949 τὸ
111 1908 248 1961 μέρος
278 1904 417 1948 αὐτοῦ
446 1901 561 1959 μετὰ
591 1905 680 1946 τῶν
710 1901 916 1946 ἀπίστων
945 1899 1131 1956 θήσει.“
1184 1906 1336 1947 Ταῦτα
1365 1906 1454 1961 μὲν

35 1984 95 2032 εἰς
121 1979 194 2026 τό·
236 1984 315 2037 ,,οἱ
330 1981 371 2037 ¹²)
411 1983 564 2041 κλῆροι
596 1979 746 2024 αὐτῶν
777 1979 858 2024 οὐκ
889 1977 1207 2037 ὠφελήσουσιν
1237 1980 1450 2033 αὐτούς.“

141 2059 181 2103 4.
199 2054 393 2115 ’Ίδωμεν
424 2059 474 2102 δὲ
498 2060 574 2101 καὶ
602 2058 698 2113 ἑξῆς
714 2059 954 2111 ἐπίπληξιν
979 2057 1251 2114 ἀναγκαίαν,
1282 2056 1341 2114 ἢν
1364 2076 1451 2103 κα-

31 2135 110 2182 λὸν
150 2139 211 2185 εἰς
248 2135 328 2180 τὸν
365 2133 529 2191 ἠθικὸν
569 2133 715 2179 τόπον
761 2134 1007 2190 ἀναλαβεῖν
1044 2138 1291 2192 λέγουσαν·
1340 2140 1449 2192 ,,αἰ-

30 2211 310 2270 σχύνθητεό)
344 2211 434 2257 ἀπὸ
452 2209 708 2269 καυχήσεως
728 2210 872 2269 ὑμῶν,
907 2210 997 2256 ἀπὸ
1020 2211 1282 2269 ὀνειδισμοῦ
1310 2214 1449 2257 ἐναν-

29 2295 128 2334 τίον
158 2291 361 2348 κυρίου.“
418 2286 545 2332 ’Ἐστι
584 2288 709 2345 τινὰ,
760 2291 810 2334 ἐν
849 2285 914 2339 οἷς
952 2287 1230 2346 καυχώμεθα
1260 2289 1336 2333 διὰ
1367 2288 1448 2347 τὴν

29 2361 206 2421 ἄνοιαν,
240 2365 321 2410 οὐκ
352 2359 480 2410 οὖσιν
509 2366 766 2424 καυχήσεως
809 2367 973 2417 ἀξίοις·
1015 2362 1114 2411 οἷον
1154 2365 1237 2411 ἐὰν
1273 2368 1447 2425 καυχή-

31 2447 162 2498 σηταί
189 2460 266 2498 τις,
301 2439 367 2484 ὅτι
397 2441 614 2493 πλούσιός
645 2446 761 2499 ἔστι,
808 2447 885 2488 καὶ
922 2442 1070 2488 πολλὰ
1103 2447 1330 2500 κέκτηται,
1368 2448 1444 2490 λε’-

34 2575 356 2582 ἣ-ῌᾼ-

146 2679 184 2734 ¹)
217 2678 353 2719 ICor.
372 2679 443 2728 IV,
477 2678 513 2720 1.
545 2678 582 2720 2.
616 2702 666 2708 —
698 2680 804 2722 Edd.
835 2681 888 2722 H.
920 2693 961 2722 et
988 2682 1039 2723 R.
1072 2680 1125 2732 „6
1157 2683 1206 2725 δὲ
1237 2679 1441 2724 λοιπόν.“

142 2749 184 2802 ²)
217 2747 301 2789 Cfr.
333 2748 433 2789 Luc.
463 2748 572 2798 XII,
603 2748 670 2790 42.
787 2751 830 2804 3)
861 2751 947 2792 Cfr.
977 2752 1078 2793 Luc.
1107 2752 1215 2800 XII,
1245 2749 1313 2793 45.
1344 2750 1410 2794 46.

141 2819 183 2872 4)
213 2818 367 2858 Jerem.
396 2817 502 2867 XII,
536 2817 599 2861 13.
721 2818 761 2874 ⁵)
791 2819 946 2863 Jerem.
977 2821 1084 2871 XII,
1115 2818 1181 2863 13.

39 2890 250 2936 OmeEle
275 2893 444 2935 OPERA.
491 2893 609 2934 Tom.
627 2894 719 2934 XV.
1140 2896 1192 2937 15
