1763 3112
247 66 332 115 260
674 63 895 106 Onmnms
923 75 970 105 m
999 62 1024 103 J
1027 72 1236 104 nume-m

256 175 405 238 λόμην
442 174 496 221 τὰ
537 175 821 232 πνευματικὰ
859 172 1099 233 χρήματα,
1149 174 1194 218 οἱ
1240 173 1291 217 δὲ
1336 171 1677 232 ἀπεστρέφοντο

259 253 353 300 ἀπὸ
383 254 475 298 τῶν
504 255 781 311 λεγομένων,
812 254 887 295 καὶ
918 250 971 295 οὗ
1001 257 1224 308 παρεῖχον
1254 250 1418 300 αὐτοὺς
1448 251 1677 300 δεκτικοὺς

258 336 335 378 ἵνα
365 331 596 390 ὀφείλωσι.
658 326 747 371 Διά
787 332 920 372 τοῦτο
960 328 1042 373 οὐκ
1081 327 1309 385 ὠφείλησέ
1343 345 1425 386 μοι
1467 328 1573 372 οὐδὲ
1603 323 1678 376 εἷς.

270 412 348 459 Τίς
376 406 466 467 γὰρ
496 407 775 465 παρεδέξατο
806 404 858 448 τὰ
891 403 1141 462 λεγόμενα,
1180 407 1257 447 ἵνα
1287 405 1336 448 ἐκ
1365 408 1444 450 τοῦ
1475 406 1681 461 παραδέ-

257 491 427 544 χεσθαι
457 483 687 542 ὀφειλέτης
715 485 898 538 γένηται
928 473 993 525 ὧν
1023 477 1213 536 ἤκουσε,
1255 485 1331 524 καὶ
1365 482 1592 542 ιἰπαιτηθῇ
1624 481 1683 530 ὠς

268 563 498 622 ὀφειλέτης
541 562 632 603 τῶν
676 562 939 616 λεγομένων
983 556 1085 607 τούς
1131 556 1309 611 τόκους;
1361 563 1551 603 Βέλτιον
1601 551 1684 602 οὖν

267 639 378 684 κατὰ
409 640 541 682 τοῦτο
572 639 728 691 λαβεῖν
757 634 839 678 τὸν
870 633 1096 692 ἀκροατὴν
1132 632 1228 677 α’πό
1255 635 1335 678 τοῦ
1366 638 1576 692 λέγοντος
1605 638 1686 679 λο-

269 713 375 776 γικὰ
405 711 620 772 ἀργύρια,
652 715 728 754 καὶ
759 711 975 770 ὀφείλειν,
1008 709 1033 766 ἢ
1063 709 1126 770 μὴ
1145 709 1538 769 παραδεχόμενον,
1569 713 1687 770 μηδὲ

269 791 578 849 λαμβάνοντα,
608 789 726 845 μηδὲ
756 787 971 846 ὀφείλειν.
1014 787 1090 837 Ὡς
1111 789 1160 831 ἐν
1190 786 1439 843 ἐγκλήμασι
1469 787 1560 847 γὰρ
1589 795 1685 835 κεῖ-

270 888 343 915 ται
373 871 450 912 καὶ
480 864 553 911 τό·
587 865 763 921 ,,οὐκ’)
793 864 1019 922 ὠφείλησέ
1043 882 1123 922 μοι
1156 865 1261 909 οὐδὲ
1293 860 1403 915 εἶς.“

388 947 426 990 5.
465 942 528 988 Τὸ
560 944 634 987 δέ·
667 943 884 998 ,,οἴμοι2)
922 940 1092 1000 μήτηρ,
1135 941 1194 992 ὠς
1231 947 1332 986 τίνα
1359 959 1418 1000 με
1448 943 1691 1000 ἐγέννησας

275 1021 422 1083 ἄνδρα
452 1018 766 1077 δικαζόμενον,
801 1020 878 1062 καὶ
906 1017 1257 1079 διακρινόμενον
1277 1020 1327 1063 ἒν
1352 1018 1475 1080 πάσῃ
1495 1022 1545 1079 τῇ
1574 1022 1690 1080 γῇ;“

276 1100 372 1145 Οὐκ
412 1096 540 1155 οἶμαι
569 1102 661 1145 τοῖς
700 1092 851 1145 ἄλλοις
890 1083 1031 1145 οὕτως
1074 1094 1288 1154 ἁρμόζειν
1325 1095 1580 1155 προφήταις
1617 1100 1693 1141 λέ-

275 1194 390 1235 γειν,
423 1174 482 1225 ὠς
508 1177 568 1231 τῷ
596 1174 802 1232 Ἱερεμίᾳ.
875 1175 930 1216 Οἱ
957 1173 1045 1232 μὲν
1073 1173 1165 1232 γὰρ
1194 1176 1357 1218 πολλοὶ
1385 1176 1477 1217 τῶν
1504 1191 1694 1233 προφη-

279 1257 369 1298 τῶν
398 1248 510 1308 μετά
541 1265 663 1297 τινας
697 1245 914 1307 χρόνους,
960 1248 1076 1305 μετὰ
1119 1248 1201 1303 τὴν
1239 1253 1426 1304 κακίαν,
1475 1250 1590 1308 μετὰ
1636 1248 1691 1294 τὰ

279 1327 582 1389 ἁμαρτήματα
609 1323 938 1384 μεταβαλόντες
966 1324 1272 1385 προφητεύειν
1311 1323 1530 1382 ἤρξαντο·
1559 1326 1690 1383 Ἱερε-

279 1411 387 1465 μίας
416 1406 466 1450 δὲ
496 1406 546 1449 ἐκ
575 1405 758 1448 παίδων
786 1401 1078 1461 προφητεύει.
1147 1405 1239 1446 Καὶ
1275 1404 1367 1446 ἔστι
1396 1401 1694 1461 παράδειγμα

281 1482 461 1529 διδόναι
491 1480 583 1527 ἀπὸ
613 1483 705 1524 τῶν
743 1483 1089 1538 γεγραμμένων.
1154 1479 1342 1529 Ἡσαΐας
1381 1479 1463 1523 οὐκ
1501 1476 1695 1535 ἤκουσε·

281 1559 464 1622 „neb-³)
494 1561 574 1603 τοῦ
603 1574 661 1615 με
690 1555 863 1601 πλάσαι
894 1572 942 1602 σε
973 1557 1024 1601 ἐν
1054 1560 1218 1614 κοιλίᾳ,
1250 1558 1503 1615 ἐπίσταμαί
1518 1568 1590 1602 σε·
1620 1560 1698 1601 καὶ

282 1638 373 1697 πρὸ
403 1639 482 1681 τοῦ
513 1650 564 1680 σε
594 1635 794 1684 ἐξελθεῖν
832 1636 881 1678 ἐκ
915 1632 1109 1693 μήτρας,
1141 1633 1310 1692 ἡγίακά
1342 1649 1414 1679 σε·
1454 1633 1698 1694 προφήτην

283 1719 346 1765 εἰς
373 1715 484 1768 ἔθνη
523 1709 701 1756 τέθεικά
742 1710 865 1755 σε·“
903 1711 1008 1756 οὐδὲ
1047 1707 1197 1756 εἶπεν·
1238 1710 1410 1767 ,,οόκ4)
1451 1712 1699 1769 ἐπίσταμαι

285 1794 454 1846 λαλεῖν,
484 1787 552 1833 ὅτι
583 1785 796 1844 νεώτερος
825 1786 915 1844 ἐγώ
946 1790 1106 1844 sim-‘⁶
1139 1788 1229 1831 ἀλλ’
1265 1787 1335 1833 ὅτε
1365 1786 1457 1833 εἶδε
1481 1787 1561 1844 τὴν
1577 1805 1697 1847 προ-

286 1872 478 1928 φητείαν
506 1865 922 1923 ἀναγεγραμμένην
953 1864 1003 1907 ἐν
1031 1867 1082 1924 τῇ
1112 1871 1368 1923 προφητεία
1398 1865 1554 1921 αὐτοῦ,
1585 1862 1695 1924 εἶδε,

287 1940 543 1990 καὶεῖπεν·
593 1945 753 1997 ,,οἴμοι
773 1941 815 1998 ⁵)
859 1938 996 1990 τάλας
1033 1940 1147 1998 ἐγώ,
1195 1941 1261 1986 ὅτι
1299 1939 1537 2001 ἀκάθαρτα
1566 1945 1697 1998 χείλη

286 2024 419 2081 ἔχων,
451 2021 503 2065 ἐν
529 2022 655 2077 μέσῳ
680 2019 791 2061 λαοῦ
823 2014 1058 2075 ἀκάθαρτα
1083 2022 1212 2074 χείλη
1242 2020 1423 2076 ἔχοντος
1453 2018 1541 2076 ἐγώ
1573 2022 1695 2074 οἰκῶ,

286 2101 365 2145 καὶ
397 2096 478 2143 τὸν
512 2097 698 2154 βασιλέα
727 2092 887 2152 κύριον
927 2093 1117 2150 σαβαώθ
1155 2092 1280 2141 εἶδον
1315 2102 1407 2145 τοῖς
1437 2095 1700 2152 ὀφθαλμοῖς

285 2189 401 2234 μου·
433 2178 509 2219 καὶ
540 2170 783 2227 ἀπεστάλη,
817 2175 945 2228 φησὶ,
976 2172 1089 2228 πρὸς
1116 2175 1173 2231 μὲ
1195 2174 1244 2217 ἓν
1260 2176 1351 2217 τῶν
1368 2177 1587 2231 σεραφὶμ,
1619 2177 1696 2217 καὶ

286 2251 438 2309 ἥψατο
468 2253 558 2295 τῶν
580 2252 771 2307 χειλέων
797 2265 904 2306 μου,
935 2252 1011 2292 καὶ
1041 2246 1191 2293 εἶπεν·
1222 2250 1347 2306 ἰδοὺ,
1381 2248 1592 2311 ιέφῂρηκα
1620 2248 1698 2300 τὰς
1742 2288 1753 2294 -

405 2467 445 2521 ¹)
476 2466 562 2508 Cfr.
592 2464 746 2505 Jerem.
777 2465 880 2514 XV,
922 2464 984 2507 10.
1020 2492 1072 2497 —
1112 2465 1220 2507 Edd.
1253 2466 1306 2507 H.
1336 2466 1417 2506 hoc
1446 2466 1567 2507 loco:
1612 2466 1695 2511 οὐκ

284 2523 510 2580 ὠφείλησε
535 2523 626 2578 με“
658 2526 750 2564 κτλ.

398 2593 442 2646 ²)
473 2591 560 2634 Cfr.
591 2591 747 2631 Jerem.
777 2591 871 2640 XV,
905 2589 967 2633 ῙΟ.

395 2662 438 2716 ³)
470 2660 556 2704 Cfr.
585 2661 740 2701 Jerem.
773 2661 804 2710 I,
836 2661 873 2702 5.
910 2684 957 2690 —
990 2660 1098 2702 Edd.
1131 2661 1182 2702 H.
1216 2673 1256 2702 et
1286 2663 1336 2707 R.
1370 2662 1492 2722 ,,πρὸ
1525 2663 1602 2707 τοῦ
1630 2677 1688 2719 με

277 2716 449 2762 ,πλάσαι
478 2719 530 2760 ἐν
558 2719 756 2772 κοιλίᾳ.“

388 2789 434 2843 ⁴)
463 2788 618 2830 Jerem.
650 2787 684 2837 I,
714 2786 753 2830 6.
875 2788 917 2843 ⁵)
948 2787 1034 2829 Cfr.
1069 2787 1193 2828 Jesai.
1226 2787 1299 2837 VI,
1329 2789 1367 2832 5,
1399 2787 1437 2831 6.
1470 2788 1506 2830 7.
