1734 3112
644 115 845 157 HOMILIA
875 117 906 155 I.
1411 116 1492 159 115

72 231 164 274 τῶν
203 224 566 288 ἁμαρτημάτων,
607 223 875 284 τροπολόγει
914 227 991 269 καὶ
1029 224 1082 268 τὰ
1121 225 1254 281 ἔθνη,
1296 229 1373 269 καὶ
1410 227 1491 276 τὰς

71 309 320 362 βασιλείας,
362 302 535 360 κατὰῑ)
580 306 736 361 φαῦλα
772 303 828 347 τα
867 304 918 347 ἐν
957 308 1053 352 ταῖς
1081 307 1253 360 ψυχαῖς
1281 305 1373 346 τῶν
1403 303 1488 345 ἆν-

70 383 272 442 θρώπων
302 378 424 437 ὄντα,
455 379 588 425 ἅτινα
619 383 867 439 ἒκριζοῦται
896 382 973 424 καὶ
1003 378 1365 423 κατασκάπτεται
1395 378 1486 423 ὑπὸ

69 464 161 504 τῶν
190 460 451 517 δεδομένων
480 462 567 503 εἴτε
593 456 804 516 Ἱερεμίᾳ,
848 463 935 502 εἴτε
973 455 1186 514 ᾡτινιοῦν
1222 454 1375 514 λόγων
1404 459 1484 499 τοῦ

68 540 194 582 θεοῦ.
236 539 329 579 Καὶ
360 534 552 580 δύναται
584 539 656 578 καὶ
689 534 741 578 τὰ
773 538 949 593 πρῶτα,
973 533 1029 579 τὰ
1052 538 1272 591 θλίβοντα
1296 532 1356 582 ὠς
1373 533 1488 591 πρὸς

67 611 148 658 τὸν
185 616 387 671 σωτῆρα,
429 611 692 672 ἐφαρμόσαι
731 615 792 669 τῷ
829 610 1044 670 Ἱερεμίᾳ,
1087 614 1165 655 καὶ
1202 609 1256 655 τὰ
1297 608 1485 667 δεύτερα

68 689 235 748 ὁμοίως
281 693 342 747 τῷ
389 688 528 735 εῗδότι
573 693 876 747 τροπολογεῖν
933 687 1197 748 ἐφαρμόσαι
1239 689 1302 745 τῷ
1347 687 1484 744 αὐτῷ.

61 767 185 824 Ἐρεῖ
209 772 296 827 μοί
321 785 384 816 τις
413 770 502 811 τῶν
531 765 826 811 ἀκουόντων·
857 765 1102 824 γύμνασον
1132 768 1209 809 καὶ
1237 762 1317 808 τὸν
1347 760 1487 808 ἄλλον

66 843 228 902 λόγον,
267 848 344 888 καὶ
381 843 462 889 ὅλα
499 842 742 904 πειράθητι
782 847 1068 903 παραστῆσαι
1101 842 1156 888 τὰ
1183 845 1486 902 γεγραμμένα

62 921 325 983 ἁρμόζοντα
355 926 418 980 τῷ
449 925 628 981 σωτῆρι.
675 924 790 978 Περὶ
820 925 910 965 τῶν
943 922 1167 979 δευτέρων
1194 918 1259 977 μὴ
1290 919 1485 976 ἀγωνία·

66 1004 278 1057 φαίνεται
322 999 435 1058 γὰρ,
488 998 555 1043 ὅτι
596 996 619 1042 ὁ
660 1001 809 1056 σωτῆρ
849 999 1104 1057 ἒξερῥίζωσε
1141 995 1221 1046 τὰς
1258 995 1487 1053 διαβόλων

65 1080 316 1132 βασιλείας,
349 1079 426 1119 καὶ
457 1075 511 1120 τα
545 1077 656 1132 ἔθνη
688 1079 963 1132 κατέσκαψε,
994 1075 1075 1120 τὸν
1090 1076 1132 1130 2)
1166 1073 1354 1119 ἓθνικὸν
1382 1079 1487 1131 βίον

65 1153 285 1199 καθελών.
342 1153 586 1209 Ἐνταῦθα,
620 1151 734 1197 κατὰ
763 1151 814 1197 τὸ
841 1154 1026 1208 δοκοῦν,
1059 1150 1392 1211 δύσφημον3),
1427 1150 1488 1201 ώς

64 1229 177 1288 πρὸς
205 1229 287 1274 τὸν
316 1233 519 1289 σωτῆρα,
561 1228 806 1288 γύμνασόν
835 1248 932 1280 πως
961 1228 1042 1274 τὸν
1071 1228 1234 1288 λόγον·
1274 1232 1372 1279 πῶς
1398 1228 1485 1273 δύ-

65 1324 198 1353 ναται
224 1312 374 1367 λέγειν
414 1307 436 1353 ὁ
469 1307 640 1366 σωτήρ·
700 1308 826 1364 ,,οὐκ
843 1308 886 1364 4)
917 1309 1163 1366 ἐπίσταμαι
1198 1310 1374 1362 λαλεῖν,
1420 1304 1487 1350 ὅτι

64 1382 278 1442 νεώτερος
307 1384 397 1441 ἐγώ
432 1387 593 1442 εῗμι,“
623 1388 700 1428 καὶ
729 1384 782 1428 τὰ
813 1385 936 1439 ἕξῆς;
992 1383 1147 1443 Ὁρᾷς,
1190 1382 1257 1428 ὅτι
1288 1381 1311 1427 ὁ
1351 1381 1488 1441 λόγος

63 1467 430 1520 στενοχωρεῖται;
477 1460 571 1505 Τόν
601 1466 780 1519 σωτῆρα
813 1464 1007 1519 οἴδαμεν
1036 1461 1209 1519 κύριον.
1248 1463 1489 1518 Ζητοῦμεν

65 1536 178 1582 κατὰ
222 1537 305 1593 τὴν
350 1538 486 1588 ἀξίαν
528 1541 606 1582 τοῦ
650 1537 815 1597 λόγου,
867 1541 945 1583 καὶ
993 1537 1109 1582 κατὰ
1151 1535 1233 1592 τὴν
1270 1535 1489 1593 ἀλήθειαν

64 1618 205 1659 ταῦτα
236 1616 312 1659 ἐπὶ
341 1614 422 1660 τὸν
451 1618 629 1673 σωτῆρα
661 1616 936 1673 ἀναγαγεῖν·
967 1613 1205 1675 μα’ρτυρας
1233 1615 1309 1660 δεῖ
1333 1618 1490 1670 λαβεῖν

65 1691 144 1742 τὰς
172 1691 374 1750 γραφάς.
432 1691 703 1750 Ἀμάρτυροι
732 1691 824 1752 γαρ
854 1697 902 1736 αἱ
932 1695 1141 1749 ἐπιβολαὶ
1169 1690 1304 1750 ήμῶν
1332 1695 1410 1735 καὶ
1441 1695 1488 1735 αἱ

65 1768 295 1827 ἐξηγήσεις
324 1766 516 1814 ἄπιστοί
536 1774 665 1815 εἰσιν.
705 1769 898 1827 ,,Ἐπὶ5)
931 1767 1121 1826 στόματι
1143 1767 1226 1813 δύο
1254 1772 1331 1813 καὶ
1351 1773 1489 1828 τριῶν

63 1846 308 1906 μαρτύρων
339 1846 611 1902 σταθήσεται
640 1851 738 1892 πᾶν
766 1848 957 1910 ῥῆμα·“
986 1848 1170 1903 μᾶλλον
1197 1844 1383 1905 ἁρμόζει
1413 1848 1490 1891 ἐπὶ
1520 1909 1523 1913 ,

64 1926 156 1968 τῶν
185 1921 460 1982 διηγήσεων,
503 1921 530 1980 ἢ
570 1925 767 1969 ἐπὶτῶν
806 1921 1092 1983 ἀνθρώπων,
1131 1926 1210 1969 ἵνα
1247 1922 1395 1979 στήσω
1434 1923 1488 1968 τὰ

64 1999 245 2060 ῥήματα
275 2005 351 2057 τῆς
382 2002 643 2060 ἑρμηνείας,
683 2001 836 2058 λαβών
864 2000 1098 2061 μάρτυρας
1136 1999 1221 2046 δύο
1261 2000 1352 2045 ἀπὸ
1384 2019 1489 2045 και-

9 2118 11 2121 .
66 2080 146 2134 νῆς
184 2079 261 2122 καὶ
290 2081 489 2128 παλαιᾶς
518 2076 764 2134 διαθήκης·
812 2078 964 2135 λαβὼν
993 2077 1226 2140 μάρτυρας
1254 2085 1370 2140 τρεῖς
1397 2077 1491 2122 ἀπὸ

64 2153 358 2212 εὐαγγελίου,
408 2155 499 2201 ἀπὸ
537 2155 804 2217 προφήτου,
857 2154 951 2201 ἀπὸ
992 2157 1265 2200 ἀποστόλου.
1339 2153 1493 2204 Οὕτως

67 2229 158 2290 γὰρ
199 2229 469 2287 σταθήσεται
499 2237 599 2279 πᾶν
626 2237 765 2296 ῥῆμα.
825 2238 933 2284 Πῶς
964 2226 1047 2279 οὖν
1076 2230 1318 2289 δυνάμεθα
1352 2235 1494 2276 ταῦτα

190 2413 230 2470 ¹)
260 2413 370 2456 Edd.
400 2413 455 2476 H.
487 2425 528 2454 et
555 2415 606 2456 R.
642 2415 686 2455 in
722 2426 859 2456 textu.
935 2419 1035 2463 ,καὶ
1078 2414 1133 2458 τὰ
1175 2414 1394 2472 ‹scc52oe“;
1437 2413 1492 2477 ῌ.

72 2480 212 2510 tamen
243 2471 295 2509 ad
324 2468 572 2520 marginem:
613 2471 765 2521 ,‚sclib.
796 2489 913 2515 κατα
948 2490 1001 2515 τα
1034 2475 1237 2529 ([αῦλαἩ
1299 2472 1420 2511 Idem
1449 2469 1492 2509 in

70 2526 203 2566 notis:
235 2525 560 2580 „Hieronymus
591 2526 768 2580 legerat:
802 2545 915 2571 κατα
946 2546 999 2571 τα
1033 2546 1060 2584 q
1073 2531 1202 2571 αι’-λα.
1260 2527 1348 2570 Sed
1381 2543 1492 2568 κατα

69 2597 96 2622 a
142 2581 459 2638 τιιχυγι)τι’ᾳοις
506 2593 766 2624 contractum
813 2585 879 2626 vel
928 2585 1161 2635 Corderio,
1204 2584 1271 2625 vel
1322 2581 1490 2622 libmrio

73 2638 210 2680 fraudi
249 2641 341 2681 fuit
355 2644 378 2662 “

187 2708 231 2763 2)
256 2708 366 2750 Edd.
397 2707 522 2747 Huet.
552 2705 646 2761 ,,τὸ
680 2709 866 2752 ἓθνικὸν
894 2713 1046 2764 βίον.“

189 2778 232 2833 3)
264 2777 373 2818 Edd.
404 2776 456 2816 H.
489 2791 738 2831 perperam:
772 2779 1052 2836 δίοσφημον.

190 2845 232 2902 ⁴²)
263 2849 419 2889 Jerem.
451 2845 495 2895 I,
527 2844 567 2887 6.
688 2846 730 2902 ⁵)
762 2846 847 2888 Cfr.
880 2848 1030 2891 Matth.
1063 2846 1232 2895 XVIII,
1265 2843 1327 2887 1ss⁴

1141 2923 1168 2963 8
1179 2923 1204 2947 ’κ’
