1734 3112
682 88 837 130 Lume-
857 88 933 129 ΙΙΙ,
1465 91 1522 134 55

81 199 243 259 peccati
284 200 326 241 in
368 198 520 256 eam¹)
552 213 711 241 venena
753 199 1017 250 diffundens,
1058 215 1229 241 omnem
1259 201 1516 256 posteritatis

80 278 275 321 sobolem
307 275 502 330 contagio
547 276 918 333 praevaricationis
946 277 1152 320 infecerat
1164 278 1230 335 ²):
1270 289 1312 319 et
1344 291 1513 322 venerat

77 356 242 398 solvere
270 353 510 397 inimicitias
554 353 598 396 in
629 371 750 397 carne
781 371 876 405 sua,
922 371 1022 413 quas
1051 354 1162 397 inter
1189 355 1333 397 Deum
1364 367 1406 397 et
1433 357 1510 398 hos

75 434 234 476 minem
260 432 410 474 noxius
443 432 656 474 mediator
688 432 917 475 effecerat?
975 433 1124 474 Pullus
1155 449 1257 475 vero
1281 433 1505 488 gratiarum

71 523 214 570 potest
243 510 379 567 accipi
411 509 593 566 Spiritus
623 522 787 552 sanctus
808 543 819 561 ,
849 528 871 553 a
904 526 988 568 quo
1024 508 1234 562 sitientes,
1271 522 1311 553 et
1342 511 1506 553 deside-

72 601 208 632 rantes
237 588 406 639 Deum,
437 587 676 644 spirituales
707 588 875 641 gratias,
907 600 949 630 et
982 589 1096 630 dona
1127 587 1327 630 coelestia
1358 604 1504 630 conse-

71 678 266 725 quuntur.
326 666 441 708 Haec
473 677 613 708 autem
645 665 785 708 omnia
824 683 847 708 a
883 666 1009 708 nobis
1040 666 1152 709 dicta
1181 678 1299 718 sunt,
1338 676 1387 708 ut
1416 683 1504 709 ma·

68 744 261 787 nifestior
288 744 410 786 fieret
440 760 582 795 causa,
628 760 709 801 qua
748 760 902 801 sponsa
947 761 1192 803 comparare
1223 744 1392 787 videtur
1420 745 1503 786 fra-

68 834 235 865 ternum
264 839 387 864 suum
416 822 593 864 hinnulo
626 837 863 864 cervorum.
925 821 1057 877 Quod
1103 822 1138 864 si
1171 823 1295 865 etiam
1324 823 1408 864 hoc
1437 839 1504 864 re-

69 900 323 958 quirendum
361 912 442 951 est,
482 917 556 942 cur
592 916 679 942 non
718 916 866 950 cervo,
916 912 964 943 ut
992 901 1036 943 in
1067 900 1185 952 aliis,
1217 901 1291 943 sed
1320 900 1499 943 hinnulo

70 994 291 1020 cervorum
323 989 611 1035 comparatur,
642 978 753 1021 illud
783 980 982 1031 adverte,
1015 981 1133 1037 quod
1163 997 1260 1022 cum
1288 979 1331 1021 in
1361 980 1500 1021 forma

66 1056 151 1099 Dei
180 1068 302 1107 esset,
332 1056 444 1099 filius
460 1056 502 1113 ³)
534 1057 681 1108 „datus
714 1069 776 1099 est
803 1057 941 1108 nobis,
974 1069 1015 1099 et
1044 1074 1153 1114 puer
1180 1069 1300 1099 natus
1332 1069 1393 1099 est
1421 1074 1498 1100 no—

64 1134 151 1187 his,
182 1134 298 1193 cujus
327 1146 514 1192 potestas
543 1151 670 1192 super
699 1135 922 1177 humerum
955 1134 1085 1194 ejus.“
1145 1136 1248 1179 Ideo
1281 1152 1380 1190 ergo
1406 1135 1497 1177 hin-

64 1212 188 1254 nulus
203 1213 245 1269 ⁴)
279 1229 515 1264 cervorum,
545 1212 642 1270 quia
670 1213 870 1269 parvulus
900 1229 1008 1270 puer
1024 1226 1145 1256 natus
1177 1225 1249 1256 est.
1298 1214 1355 1255 Et
1382 1215 1494 1256 forte

62 1302 239 1347 possunt
267 1291 380 1333 cervi
412 1290 547 1347 accipi
577 1291 708 1332 sancti
739 1291 920 1348 quique,
951 1303 1000 1333 ut
1028 1293 1264 1343 Abraham,
1295 1292 1421 1341 Isaac,
1454 1305 1495 1333 et

63 1368 221 1421 Jacob,
262 1381 303 1411 et
329 1369 492 1420 David,
536 1381 577 1410 ct
608 1369 835 1421 Salomon,
868 1381 909 1411 et
940 1386 1109 1421 omnes,
1141 1387 1189 1411 ex
1220 1385 1402 1426 quorum
1431 1385 1494 1410 se-

63 1446 176 1489 mine
207 1447 394 1489 Christus
425 1448 656 1489 secundum
695 1462 860 1488 carnem
898 1447 1128 1488 descendit.
1191 1446 1312 1501 Quos
1344 1464 1490 1489 cervos

63 1540 145 1565 vox
158 1524 337 1565 Domini
363 1526 575 1581 perfectos
605 1524 776 1581 facit5),
809 1536 850 1565 et
878 1524 1070 1581 ipsorum
1098 1536 1159 1566 est
1183 1524 1380 1567 hinnulus
1400 1524 1490 1576 iste,

64 1601 137 1657 qui
180 1618 227 1642 ex
266 1601 366 1658 ipsis
406 1604 637 1644 secundum
687 1617 854 1644 carnem
900 1615 1019 1644 natus
1065 1615 1126 1644 est
1163 1619 1282 1659 puer.
1343 1603 1493 1645 Movet

61 1695 130 1720 me
172 1680 297 1721 etiam
337 1680 468 1731 illud,
515 1681 631 1737 quod
669 1679 711 1721 in
753 1680 980 1722 centesimo
1020 1680 1146 1722 tertio
1185 1681 1351 1736 psalmo
1391 1680 1492 1722 scri-⁷

60 1770 182 1814 ptum
217 1769 298 1809 est,
342 1757 417 1798 ubi
456 1757 534 1799 ait:
584 1768 787 1808 „montes
801 1757 843 1815 ⁶)
878 1757 1030 1799 excelsi
1061 1757 1245 1800 cervis.“
1303 1757 1358 1799 Et
1399 1758 1490 1815 qui·

62 1837 160 1878 dem
198 1836 250 1877 de
289 1836 421 1878 cervis
465 1834 548 1894 jam
585 1835 777 1892 superius
825 1834 1028 1887 diximus,
1074 1837 1190 1893 quod
1226 1836 1359 1879 sancti
1398 1836 1488 1893 qui—

62 1931 142 1971 que
184 1913 467 1970 accipiuntur,
518 1913 591 1971 qui
641 1915 697 1954 ob
741 1913 824 1955 hoc
865 1913 907 1956 in
951 1914 1062 1956 hunc
1111 1905 1318 1958 mundum
1364 1931 1488 1956 vene-

60 2003 181 2043 runt,
218 2003 267 2033 ut
303 1992 507 2049 serpentis
547 2007 708 2033 venena
746 1991 1018 2049 perimerent.
1095 1991 1184 2048 Qui
1228 2004 1369 2034 autem
1407 1992 1490 2035 sint

60 2083 225 2113 montes
270 2071 423 2112 excelsi
475 2069 711 2121 videamus,
759 2071 875 2128 quasi
900 2071 941 2129 ⁷)
981 2070 1053 2127 qui
1099 2070 1203 2112 solis
1249 2070 1382 2113 cervis
1425 2088 1488 2112 se·

60 2148 258 2206 quesn-ati
288 2148 496 2201 videntur,
528 2162 568 2191 et
597 2150 649 2190 ad
681 2165 800 2206 quos,
831 2148 911 2190 nisi
943 2164 1090 2190 cervus
1119 2149 1173 2190 sit
1202 2148 1368 2206 aliquis,
1397 2165 1483 2191 non

57 2229 193 2284 possit
229 2228 495 2270 adscendere.
553 2227 644 2281 Ego
686 2239 818 2284 pum,
867 2227 985 2284 quod
1021 2243 1223 2284 personas
1263 2227 1482 2270 Trinitatis

58 2317 224 2348 montes
254 2307 437 2348 excelsos
467 2305 759 2362 appellaverit,
789 2306 843 2347 ad
874 2304 991 2363 cujus
1022 2306 1297 2363 capacitatem
1325 2306 1481 2356 nullus,

58 2385 138 2428 nisi
170 2400 314 2426 cervus
343 2384 574 2435 efficiatur,
605 2383 835 2426 adscendit.
895 2383 983 2425 Sed
1012 2383 1143 2426 iidem
1171 2383 1276 2442 ipsi,
1309 2383 1384 2441 qui
1412 2383 1482 2427 hic

178 2566 217 2623 ¹)
247 2567 356 2609 Edd.
388 2565 450 2607 M.
482 2571 609 2616 ,‚ea.“
643 2593 693 2599 -—
726 2567 813 2610 Cfr.
847 2566 999 2610 Genes.
1031 2567 1109 2609 ΙΙΙ.

174 2639 218 2697 ²)
248 2639 358 2680 Edd.
390 2637 450 2679 Μ.
482 2636 778 2687 ‚,infuderat.“
896 2639 941 2694 3)
971 2636 1096 2680 Jesai.
1127 2636 1210 2687 IX,
1241 2636 1280 2679 6.

174 2709 218 2767 ⁴)
247 2708 356 2749 Edd.
387 2708 447 2749 M.
480 2706 739 2757 ‚,hinnulo.“
859 2709 901 2766 5)
930 2708 1040 2750 Edd.
1070 2708 1132 2750 Μ.
1165 2706 1352 2758 ,‚fecit.“

175 2779 218 2835 6)
247 2779 401 2820 Psalm.
431 2776 541 2827 CIV,
573 2776 638 2820 18.
669 2779 827 2836 (CIII.)

178 2850 220 2906 7)
250 2848 358 2890 Edd.
390 2848 449 2890 M.
483 2847 631 2903 „quasi
664 2848 736 2889 ubi
767 2849 847 2892 soli
879 2850 992 2893 cervi
1021 2845 1303 2905 sequestrati⁴‘
1334 2856 1412 2889 etc.
