1763 3112
254 86 339 132 404
693 86 913 131 Omenms
944 98 989 129 m
1018 84 1256 129 hamum

258 200 529 257 versitates1)
562 199 884 252 distinguuntur.
938 200 987 240 In
1017 197 1236 257 Babylone
1269 209 1354 249 est,
1386 198 1555 254 quando
1589 213 1688 238 con·

260 277 464 330 funditur,
496 277 663 334 quando
695 277 908 327 turbatur,
952 277 1118 333 quando
1150 292 1254 333 pace
1286 277 1448 318 deserta
1478 275 1592 316 bella
1622 290 1689 315 su-

262 355 388 397 stinet
416 355 682 413 passionum,
731 355 899 412 quando
944 354 1150 395 tumultus
1190 354 1367 396 militiae
1383 354 1425 411 2)
1459 353 1567 395 circa
1597 369 1689 394 eam

263 434 427 485 fremit,
470 447 592 484 tunc,
640 445 687 473 ut
717 433 920 484 diximus,
969 432 1011 473 in
1042 432 1262 490 Babylone
1296 445 1376 483 est,
1417 443 1457 473 et
1489 433 1541 472 ad
1570 431 1692 472 istam

262 513 443 554 animam
473 511 736 568 prophetalis
768 527 907 552 sermo
941 509 1155 562 dirigitur,
1188 510 1351 551 dicens:
1393 509 1608 564 „sugite-³)
1641 509 1692 549 de

261 590 405 631 medio
436 589 682 646 Babylonis,
717 600 758 629 et
787 588 989 629 resalvate
1020 587 1308 644 unusquisque
1333 587 1512 629 animam
1535 591 1694 628 suam.“

261 669 415 711 Donec
457 667 571 708 enim
613 665 703 723 quis
752 664 795 706 in
834 665 1056 724 Babylone
1100 678 1180 715 est,
1226 665 1376 706 salvari
1414 682 1501 707 non
1538 676 1692 722 potest.

264 745 396 801 Quod
429 757 470 787 et
499 745 534 787 si
563 744 809 786 recordatus
852 742 912 784 ibi
951 743 1080 785 fuerit
1109 744 1358 795 Jerusalem,
1389 742 1624 797 ingemiscit
1656 753 1696 783 et

246 823 387 868 „dicim
419 823 669 881 „quomodo
689 824 730 877 4)
764 822 1022 863 cantabimus
1055 822 1266 864 canticum
1295 822 1474 864 Domini
1513 821 1557 862 in
1586 832 1696 862 terra

263 901 464 945 aliena?“
522 902 578 943 Et
610 900 707 957 quia
748 899 1013 956 impossibile
1055 913 1115 942 est
1154 900 1196 942 in
1234 901 1455 959 Babylone
1496 899 1696 941 constitu-

261 991 354 1021 tum
383 980 482 1021 Deo
516 977 681 1032 organis
715 994 886 1029 canere,
917 1002 972 1010 —--
1014 979 1151 1020 otiosa
1192 978 1351 1035 quippe
1392 978 1452 1019 ibi
1492 989 1587 1020 sunt
1630 993 1698 1018 or-

264 1075 367 1112 gana
406 1058 664 1116 hymnorum
693 1056 779 1096 Dei
810 1081 884 1108 —,
933 1069 1163 1113 propterea
1203 1057 1358 1098 dicitur
1396 1073 1475 1112 per
1511 1057 1698 1113 prophe-

266 1149 373 1177 tam:
407 1135 618 1191 „super⁵)
649 1133 823 1175 flumina
860 1134 1116 1192 Babylonis,
1165 1135 1255 1176 illic
1295 1134 1479 1176 sedimus
1512 1146 1552 1175 et
1582 1133 1699 1174 ssevi-

267 1231 374 1265 mus,
407 1214 508 1253 dum
539 1212 863 1253 recordaremur
893 1211 968 1262 tui,
1001 1212 1120 1253 Sion.
1179 1212 1227 1253 In
1257 1212 1453 1253 salicibus
1479 1213 1522 1253 in
1552 1212 1696 1253 medio

269 1292 357 1350 ejus
389 1289 685 1347 suspendimus
717 1305 870 1343 organa
906 1294 1094 1331 nostra.“
1163 1289 1373 1344 Suspensa
1414 1302 1510 1332 sunt
1549 1306 1700 1343 organa

267 1381 412 1410 nostra
443 1367 645 1426 quamdiu
676 1366 720 1408 in
748 1367 969 1426 Babylone
1001 1383 1157 1418 sumus,
1190 1365 1235 1406 in
1256 1366 1453 1408 salicibus
1478 1368 1702 1409 fluminum

268 1447 551 1506 Babylonum.
613 1444 660 1487 Si
691 1456 833 1486 autem
863 1444 1101 1486 venerimus
1132 1444 1175 1485 in
1205 1445 1454 1496 Jerusalem,
1484 1445 1526 1486 in
1558 1446 1702 1487 locum

270 1524 443 1567 visionis
475 1536 518 1565 et
544 1523 674 1581 pacis,
707 1540 874 1577 organa,
907 1540 1012 1580 quae
1044 1534 1138 1564 ante
1162 1522 1298 1564 otiosa
1314 1524 1570 1579 pendebant,
1600 1536 1700 1565 tunc

270 1613 538 1645 assumuntur
558 1601 611 1645 ‚in
641 1601 847 1656 manibus,
880 1613 980 1642 tunc
1011 1600 1164 1658 jugiter
1196 1600 1510 1654 citharizamus,
1546 1613 1587 1643 et
1616 1619 1702 1643 non

271 1693 333 1723 est
356 1693 538 1737 tempus,
573 1680 741 1736 quando
772 1696 861 1721 non
889 1680 1108 1721 laudemus
1125 1678 1267 1719 Deum
1296 1695 1375 1736 per
1401 1696 1567 1734 organa,
1599 1697 1703 1738 quae

270 1753 474 1800 habemu's
505 1757 550 1797 in
580 1757 789 1800 manibus
851 1758 996 1812 Igitur,
1027 1769 1074 1798 ut
1106 1757 1247 1798 dicere
1279 1774 1567 1814 coeperamus,
1597 1775 1706 1800 sem-

271 1855 350 1896 per
387 1837 526 1879 anima
563 1835 607 1876 in
623 1836 665 1891 ⁵)
706 1835 849 1892 aliquo
893 1834 1181 1892 nuncupativo
1221 1847 1354 1877 terrae
1396 1836 1495 1878 loco
1538 1849 1622 1879 est:
1665 1849 1706 1879 et

272 1917 380 1958 sicut
409 1925 653 1972 peccatores
683 1912 727 1954 in
758 1912 1002 1972 Babylone,
1041 1912 1100 1953 sic
1132 1929 1153 1953 e
1187 1913 1397 1954 contrario
1428 1914 1528 1973 justi
1557 1915 1602 1956 in
1630 1916 1705 1956 Ju-

273 1996 389 2036 daea.
449 1994 754 2035 Verumtamen
793 1989 909 2047 juxta
949 1989 1197 2048 qualitatem
1226 1991 1334 2032 vitae
1367 2004 1408 2033 et
1434 1992 1558 2043 fidei,
1592 2004 1633 2033 et
1661 1992 1705 2033 in

272 2074 363 2130 ipsa
392 2071 554 2114 Judaea
594 2068 700 2129 locis
741 2068 852 2110 inter
891 2085 935 2110 se
976 2068 1101 2109 variis
1139 2080 1399 2125 separantur.
1468 2070 1566 2112 Sive
1594 2071 1706 2111 enim

273 2151 318 2192 in
346 2151 445 2192 Dan
474 2160 557 2201 est,
599 2164 706 2204 quae
737 2159 946 2189 extremae
977 2147 1162 2188 Judaeae
1204 2158 1344 2203 partes
1384 2160 1500 2199 sunt,
1546 2148 1632 2189 sive
1662 2148 1705 2189 in

273 2227 563 2286 superioribus
604 2226 829 2282 paululum
875 2225 1002 2278 locis,
1048 2224 1382 2281 melioribusque
1432 2242 1556 2282 quam
1595 2227 1705 2280 Dan,

274 2307 361 2349 sive
391 2306 435 2347 in
464 2303 616 2347 mediis
646 2303 801 2345 finibus
841 2305 1050 2358 Judaeae‚
1094 2304 1181 2345 sive
1222 2304 1333 2345 circa
1368 2304 1623 2357 Jerusalem
1664 2316 1706 2346 et

277 2397 339 2427 est
378 2382 569 2425 omnium
608 2382 869 2437 beatissima,
917 2398 1021 2440 quae
1060 2382 1101 2423 in
1150 2383 1291 2424 media
1327 2381 1565 2424 Jerusalem
1599 2384 1705 2425 urbe

396 2568 437 2625 ¹)
465 2565 576 2609 Edd.
606 2565 668 2608 M.
701 2564 1019 2617 „diversitatest‘
1139 2564 1181 2621 ²)
1212 2564 1321 2607 Edd.
1353 2565 1415 2607 M.
1448 2565 1705 2620 „malitiae-‘⁶

393 2637 435 2694 3)
468 2638 625 2679 Jerem.
654 2636 726 2687 LI,
759 2636 799 2680 6.

394 2709 439 2765 ⁴)
471 2708 625 2750 Psalm.
660 2706 920 2758 CXXXVII,
951 2706 991 2749 4.
1025 2707 1306 2763 (CXXXVI.)

392 2779 434 2835 ⁵)
465 2777 623 2820 Psalm.
654 2778 914 2828 CXXXVII,
946 2777 984 2821 1.
1015 2777 1054 2822 2.
1090 2776 1371 2834 (CXXXVI.)

395 2850 438 2906 ⁶)
468 2847 578 2891 Edd.
609 2846 662 2891 H.
684 2859 724 2889 et
744 2849 794 2890 R.
823 2848 905 2890 hoc
934 2846 1049 2902 loco,
1081 2849 1154 2892 cfr.
1185 2847 1389 2905 pag.403.
1413 2861 1500 2891 not.
1516 2848 1555 2893 4.
1588 2846 1702 2903 ‚,in.“
