1734 3112
617 114 813 156 HomrmA
831 116 874 155 Ἰ.
1384 115 1463 158 125

49 232 256 272 θίσταται
286 228 362 272 ἐπὶ
391 228 502 281 ἔθνη
536 229 612 270 καὶ
638 228 715 270 ἐπὶ
744 225 1046 282 βασιλείαςῑ),
1081 226 1296 280 ἕκριζοῦν.
1326 225 1461 282 Ἀγα-

48 304 132 355 θός
176 304 198 349 ὁ
236 301 341 354 θεός
377 304 469 347 ἐστι
510 301 586 346 διά
629 305 720 346 τῶν
763 300 914 360 λόγων
952 303 1156 358 ἐκριζοῦν
1196 301 1251 344 τὰ
1292 306 1462 358 φαῦλα,

50 381 127 431 τὰς
169 379 335 441 ἐχθρὰς
374 384 605 436 βασιλείας
651 383 740 424 τῶν
788 380 999 438 οὐρανῶν
1040 382 1090 439 τῇ
1133 382 1361 435 βασιλείᾳ,
1410 379 1464 421 τά

50 457 274 518 πολεμικὰ
320 459 431 513 ἔθνη
474 461 536 515 τῷ
582 459 702 502 ἔθνει
750 460 812 513 τῷ
858 459 938 500 τοῦ
981 459 1092 500 θεοῦ
1138 458 1341 516 ἕκριζοῦν
1388 461 1466 500 καὶ

48 533 391 579 κατασκάπτειν.

161 611 226 655 15.
255 608 383 656 ’Ἐστι
413 630 478 662 τις
507 610 727 668 οἰκοδομὴ
760 608 992 667 διαβόλου·
1026 611 1118 654 ἔστι
1149 628 1212 659 τις
1243 610 1466 668 οἰκοδομὴ

47 692 126 734 τοῦ
155 693 282 735 θεοῦ.
339 688 397 733 ‘H
424 691 500 733 ἐπὶ
528 688 609 745 τὴν
651 686 833 746 ἄμμον,
879 686 1100 745 οἰκοδομὴ
1139 691 1218 732 τοῦ
1250 685 1466 743 διαβόλου

49 769 185 812 ἐστίν·
216 767 282 810 ἐπ’
304 767 457 811 οὐδενὶ
487 765 577 825 γὰρ
609 765 861 825 ἐστήρικται
892 767 1059 823 ἑδραίῳ
1090 769 1165 808 καὶ
1193 770 1359 821 βεβαίῳ
1389 767 1466 807 καὶ

49 843 282 902 ἡνωμένῳ.
351 844 411 886 Ἡ
444 845 492 888 δὲ
510 844 553 899 ²)
593 843 812 898 οἰκοδομὴ
856 842 880 898 ἡ
923 845 999 886 ἐπὶ
1039 841 1118 898 τὴν
1156 847 1346 899 πέτραν,
1384 846 1464 886 τοῦ

53 923 162 965 θεοῦ
194 923 331 965 ἐστιν.
382 919 517 980 ”Ορα,
559 925 605 964 τί
631 925 803 979 λέγεται
837 926 928 969 τοῖς
955 923 1033 963 τοῦ
1071 923 1206 963 θεοῦ·
1254 920 1467 976 ,,θεοῦ3)

49 996 293 1056 γεώργιον,
336 1001 446 1042 θεοῦ
479 997 699 1056 οἰκοδομή
734 999 880 1042 ἐστε.“
942 1000 998 1041 Οἵ
1033 994 1161 1054 λόγοι
1202 1002 1358 1041 τοίνυν
1385 999 1464 1040 τοῦ

50 1079 158 1120 θεοῦ
203 1077 314 1131 ,,ε’πὶ
332 1075 374 1132 ⁴²)
414 1076 526 1130 ἔθνη
558 1079 633 1118 καὶ
663 1078 892 1131 βασιλείας
935 1078 1072 1129 εἰσιν,
1117 1076 1348 1133 ἕκριζοῦν,
1390 1076 1467 1116 καὶ

49 1149 394 1206 κατασκάπτειν,
429 1154 505 1194 καὶ
536 1150 829 1196 ἀπολλύειν.“
883 1151 992 1195 Ἐὰν
1023 1153 1237 1212 ἒκριζωθῇ
1266 1154 1368 1210 μὲν,
1401 1150 1465 1210 μὴ

51 1226 270 1284 ἀπόληται
302 1230 352 1272 δὲ
383 1227 432 1272 τὸ
465 1229 719 1286 ἑκριζωθέν.
776 1229 887 1273 Ἐάν
918 1232 1191 1288 κατασκαᾳῇ
1222 1230 1330 1285 μὲν,
1364 1228 1466 1283 015⁵)

49 1307 99 1351 δὲ
129 1310 252 1350 λίθοι
283 1308 358 1361 τῆς
388 1311 684 1365 κατασκαφῆς
711 1306 774 1364 μὴ
809 1305 1084 1360 ἀπόλωνται,
1121 1307 1214 1349 ἐστὶ
1244 1304 1292 1348 τό
1325 1322 1466 1348 κατα-

50 1386 243 1440 σκαᾳέν.
301 1379 474 1440 ’Έργον
513 1376 596 1427 οῦν
638 1386 730 1427 ἐστι
774 1386 849 1438 τῆς
889 1381 1171 1439 ἀγαθότητος
1214 1385 1293 1426 τοῦ
1337 1385 1466 1436 θεοῦ,

46 1457 162 1516 μετὰ
192 1461 239 1502 τὸ
271 1460 502 1516 ἒκριζῶσαι
531 1459 754 1504 ἀπολέσαι
783 1459 832 1503 τὸ
864 1461 1233 1519 ἕξεῤῥιζωμένον·
1272 1457 1387 1518 μετὰ
1416 1458 1466 1501 τὸ

51 1539 262 1580 καθελεῖν
304 1535 523 1580 ἀπολέσαι
571 1535 620 1580 τό
661 1540 997 1595 καθῃρημένον.
1061 1534 1320 1592 Ἀνάγνωθι
1365 1537 1468 1579 ἔπι-

49 1616 196 1670 μελιῦς
225 1614 301 1657 ἐπὶ
319 1613 407 1668 μὲν
429 1615 518 1657 τῶν
549 1613 878 1670 ἀπολλυμένων
907 1617 985 1656 καὶ
1015 1614 1340 1670 ἑκριζωμένων,
1372 1614 1469 1661 πῶς

52 1687 331 1734 ἀπόλλυνται
360 1688 414 1732 τά
444 1694 656 1733 τοιαῦτα·
691 1689 783 1746 ,,τό
802 1691 843 1746 6)
877 1691 925 1734 δὲ
959 1685 1132 1749 ι’ἔχυρον
1159 1687 1469 1733 κατακαύσατε

50 1771 160 1825 πυρὶ
199 1767 453 1824 ἀσβέστῳ.“
516 1772 632 1810 Καί·
674 1765 942 1824 ,,δήσατε7)
982 1767 1153 1825 δέσμας
1187 1764 1242 1809 τά
1283 1763 1464 1820 ζιζάνια,

51 1847 129 1889 καὶ
157 1841 390 1902 παράδοτε
421 1843 534 1887 αὐτὰ
562 1845 725 1901 πυρί.“
784 1841 937 1893 Οὕτως
965 1843 1078 1902 μετὰ
1106 1842 1155 1888 τὸ
1180 1845 1468 1901 ἕκριζοῦσθαι

52 1919 314 1966 ἀπόλλυται.
386 1925 446 1964 Εἰ
489 1924 620 1982 θέλῃς
665 1922 783 1966 ἰδεῖν
825 1923 902 1965 καὶ
943 1919 1058 1979 μετά
1102 1925 1371 1980 καθαίρεσιν
1413 1918 1467 1962 τά

51 1996 348 2055 ἀπολλύμενα
377 2002 452 2055 τῆς
483 2001 730 2056 οἰκοδομῆς
757 2001 832 2054 τῆς
862 1997 968 2054 ὕλης
1003 2001 1078 2055 τῆς
1118 1996 1318 2056 φαύλης·
1354 1999 1470 2054 χοῦς

0 2098 2 2103 »
48 2080 219 2134 γίνεται
259 2074 285 2131 ἡ
328 2080 449 2120 οἰκία
490 2077 660 2132 ἐκείνη,
700 2074 726 2132 ἡ
767 2076 843 2120 διὰ
881 2075 963 2132 τὴν
1000 2079 1174 2134 λέπραν
1190 2075 1234 2131 ⁸)
1265 2080 1470 2131 καθηρη-

51 2157 187 2211 μένη,
228 2156 305 2198 καὶ
342 2152 603 2210 ἐκβάλλεται
633 2156 750 2211 χοῦς
783 2157 1008 2212 γενομένη
1047 2155 1130 2205 ἔξω
1168 2155 1244 2208 τῆς
1279 2150 1467 2205 πόλεως,

173 2319 230 2386 ¹)
241 2320 347 2362 Edd.
380 2323 506 2363 Huet.
537 2323 668 2364 male:
721 2326 972 2379 βασιλείας,
1004 2323 1206 2378 ἒκριζοῦν
1236 2317 1414 2376 ἀγαθὸς
1445 2316 1468 2361 ὁ

54 2373 171 2424 θεός.
222 2371 348 2418 ’Ἐστι
379 2379 454 2423 δια
484 2382 574 2422 τῶν
604 2382 694 2426 κτλ

170 2445 212 2503 ²)
242 2447 350 2487 Edd.
381 2448 547 2490 Huetii:
579 2454 666 2492 καί.
785 2449 830 2504 ³)
863 2448 951 2492 Cfr.
983 2447 1003 2487 I
1031 2445 1129 2487 Cor.
1155 2446 1234 2496 III,
1263 2445 1301 2489 9-

172 2516 514 2584 ⁴)Cfr.Je1em.
545 2519 587 2569 I,
619 2519 684 2562 10.
724 2542 775 2549 —
813 2519 923 2560 Edd.
956 2516 1008 2558 H.
1042 2527 1083 2557 et
1118 2517 1169 2557 R.
1211 2526 1468 2556 constanter.

55 2572 310 2617 ἀπολλύειν.

171 2645 212 2699 ⁵)
243 2643 297 2684 H.
330 2656 371 2683 ct
399 2642 448 2685 R.
479 2641 522 2682 in
550 2654 686 2684 textu:
730 2647 809 2699 „oi
839 2644 1022 2696 λίθοι,“
1053 2642 1183 2683 iidem
1213 2653 1366 2689 tamen,
1397 2638 1470 2678 ille

54 2700 108 2740 ad
136 2715 277 2753 marg„
307 2698 415 2739 hic
405 2715 445 2738 m
476 2697 608 2739 notis:
640 2700 778 2752 „legez
813 2703 854 2743 οἱ
885 2701 935 2743 δὲ
965 2701 1121 2742 λίθοι

172 2769 214 2824 ⁶)
248 2769 333 2810 Cfr.
364 2768 514 2810 Matth.
546 2769 632 2818 III,
664 2768 729 2811 12.
849 2769 891 2824 ⁷)
924 2769 1010 2811 Cfr.
1040 2768 1191 2810 Matth.
1213 2765 1342 2814 XIII,
1374 2762 1439 2807 30.

172 2837 214 2894 Θ)
246 2838 330 2881 Cfr.
362 2838 536 2880 Levitic.
566 2839 681 2889 XIV,
711 2838 777 2882 32.
809 2853 922 2894 seqq.
