1763 3112
295 85 378 129 476
740 99 795 130 nx
826 87 1036 130 Ommzmz
1067 88 1270 133 SELECTA

295 205 460 260 Φορεΐς
504 198 594 257 γὰρ
642 197 723 254 τὴν
765 199 919 245 εἰκόνα
958 204 1036 245 τοῦ
1077 201 1378 259 ἐπουρανίου,
1424 205 1499 246 καὶ
1543 202 1710 260 πιέγιος

295 280 494 334 ἕστηκας.

408 352 754 412 ,,’Ῑατρεύσαμεν
774 355 812 411 ¹)
842 357 1111 411 Βαβυλῶνα,
1144 358 1221 399 καὶ
1253 357 1333 401 οὐκ
1363 355 1521 413 ἰάθη.“
1575 356 1635 400 ‘II
1661 358 1710 401 δὲ

295 431 520 490 Βαβυλών
552 432 632 476 οὐκ
660 431 967 490 ἀπέγνωσται.
1029 432 1092 476 Οὐ
1136 431 1226 492 γὰρ
1267 431 1324 478 ἂν
1363 435 1538 492 ἔλεγεν·
1579 436 1711 492 ,,εἴ2)

297 529 394 561 πως
422 508 710 564 ιάθ-ήσεται.“
759 513 911 552 Ποίαν
944 507 1097 566 ψυχὴν
1127 510 1283 568 ἑτέραν
1306 510 1712 569 α’πογνωσόμεθας

297 593 357 632 Et
388 589 437 632 δὲ
467 585 529 644 μὴ
565 590 810 640 σέσωσται,
854 588 986 630 τοῦτο
1018 590 1181 644 γέγονε
1211 587 1315 647 παρ’
1349 588 1483 650 αὐτῇ,
1527 587 1586 638 ὦς
1613 587 1717 638 τοὺς

299 666 508 725 ἀρίστους
537 662 717 720 ἰατροὺς
746 662 1094 721 ἀπολογεῖσθαι,
1126 667 1203 708 καὶ
1232 668 1404 722 λέγειν·
1438 665 1715 723 „fremeban-

294 760 383 801 μεν
399 743 442 799 ³)
480 740 562 795 τὴν
598 743 878 797 Βαβυλῶνα,
918 745 995 784 καὶ
1035 741 1116 785 οὐκ
1161 740 1292 798 ἰάθη·
1342 743 1717 800 ἐγκαταλίπωμεν

297 820 490 876 αὐτήν.“
550 819 613 864 Οὐ
642 818 746 876 παρ’
782 818 944 868 αὐτοὺς
973 817 1077 876 γὰρ,
1114 819 1219 863 οὐδὲ
1249 820 1375 875 παρὰ
1393 819 1474 875 τὴν
1494 818 1714 876 ἰατρικήν,

297 898 405 944 οὐδὲ
445 897 569 955 παρὰ
613 895 695 953 τὴν
742 898 926 955 ῥητίνην
966 895 1014 940 τὸ
1052 895 1115 954 μὴ
1157 894 1324 952 ταύτην
1360 896 1714 954 θεραπεύεσθαι.

293 977 455 1037 ’[ατροὶ
485 976 535 1019 δὲ
569 970 778 1031 ἄγγελοι,
816 971 907 1018 ὑπὸ
948 972 1028 1019 τὸν
1067 977 1217 1031 μέγαν
1256 971 1379 1024 ὄντες
1416 972 1595 1033 ἰατρὸν,
1636 973 1718 1018 τὸν
1748 997 1763 1002 -

298 1053 432 1109 θεὸν,
480 1055 557 1097 καὶ
586 1054 868 1109 θεραπεῦσαι
906 1050 1011 1101 τοὺς
1049 1056 1355 1108 πειθομένους
1393 1054 1646 1100 ἐθέλοντες·
1679 1055 1718 1096 εἰ

297 1133 348 1176 δὲ
378 1128 458 1187 μὴ,
492 1130 694 1186 ἐροῦσιν·
738 1129 1205 1186 ,ἐγκαταλίπωμενῆ
1238 1130 1401 1185 αὐτὴν,
1443 1130 1719 1185 ἀπέλθωμεν

297 1210 483 1256 ἕκαστος
522 1210 584 1255 εἰς
621 1204 702 1260 τὴν
742 1207 832 1262 γῆν
871 1204 1072 1260 αὐτοῦ,“
1112 1211 1199 1261 καὶ,
1224 1205 1304 1250 τὸν
1347 1209 1517 1251 οἰκεῖον
1555 1205 1715 1260 τόπον,

297 1289 376 1330 καὶ
405 1283 487 1340 τὴν
517 1285 690 1328 οἰκείαν
719 1285 909 1340 πρᾶξιν,
959 1281 1025 1327 ὅτι
1067 1278 1290 1340 ,,ἤγγικεν
1319 1288 1380 1334 εἷς
1409 1283 1489 1328 τὸν
1519 1283 1720 1341 οὐρανὸν

742 1362 770 1384 “
815 1358 1196 1411 καταδικάσαντες
1233 1360 1375 1415 αὐτὴν
1420 1360 1478 1412 ὠς
1515 1361 1716 1416 ἀνίατον,

297 1363 348 1410 τὸ
387 1367 529 1421 κρίμα
572 1360 727 1415 αὐτῆς,

298 1445 376 1486 καὶ
404 1442 683 1496 πεισομένην
711 1437 765 1481 τὰ
796 1440 871 1494 τῆς
911 1437 1228 1496 ἀπογνώσεως.
1285 1439 1378 1481 Καὶ
1418 1441 1461 1482 οἱ
1499 1441 1589 1482 τῶν
1626 1453 1720 1482 σω-

297 1518 457 1578 μάτων
486 1516 576 1574 γὰρ
606 1518 753 1571 ἰατροὶ
789 1515 893 1566 τοὺς
931 1513 1142 1565 ἀνιάτους
1179 1517 1578 1573 ἒγκαταλείπουσι,
1624 1513 1721 1576 μή-

301 1615 399 1647 πως
430 1597 480 1640 ἐν
509 1599 605 1643 ταῖς
635 1592 785 1636 αὐτῶν
808 1596 941 1651 χερσὶ
971 1591 1316 1648 τελευτήσωσιν·
1364 1590 1387 1638 ὃ
1428 1595 1479 1638 δὲ
1507 1597 1722 1638 ποιοῦσιν

303 1671 506 1732 ἄγγελοι.
557 1669 671 1715 ’Ὀσα
699 1671 749 1715 δὲ
781 1669 1133 1731 ἁμαρτάνομεν,
1165 1670 1215 1715 τὸ
1245 1675 1386 1731 κρίμα
1415 1670 1548 1728 ἡμῶν
1578 1667 1715 1726 αὔξει,

301 1755 378 1798 καὶ
411 1753 574 1810 ἐξαίρει
604 1749 686 1798 ἕως
714 1751 805 1792 τῶν
836 1745 1041 1810 ἄστρων,
1081 1752 1171 1793 τῶν
1203 1747 1348 1806 ἁγίων
1380 1746 1569 1804 δηλαδή.
1628 1751 1722 1791 Καὶ

299 1829 399 1874 τότε
431 1827 454 1872 ὁ
486 1825 592 1875 θεὸς
620 1826 860 1883 ἐκφέρει5)
899 1827 948 1871 τὸ
988 1831 1130 1885 κρίμα
1172 1826 1310 1871 αὐτοῦ
1348 1830 1410 1876 εἷς
1448 1830 1724 1871 ταπείνωσιν

300 1910 380 1952 τοῦ
412 1904 680 1961 ὑψωθέντος
709 1906 926 1960 κρίματος
963 1903 1058 1948 ἀπὸ
1098 1906 1174 1959 τῆς
1209 1904 1454 1963 ἁμαρτίας,
1496 1906 1723 1949 ταπεινῶν

301 1983 383 2041 τὴν
414 1981 657 2040 ἁμαρτίαν,
691 1983 768 2024 καὶ
797 1979 851 2024 τὰ
880 1979 995 2037 πρὸς
1025 1980 1159 2031 ἀξίαν
1185 1980 1452 2030 ἀποδιδούς.

416 2058 672 2117 ,,Δεῦτε,6)
711 2060 789 2100 καὶ
827 2057 1174 2116 ἆναγγείλωμεν
1213 2058 1263 2102 ἒν
1310 2056 1487 2102 Σιών.“
1566 2059 1659 2100 Καὶ
1698 2056 1722 2102 ὃ

299 2138 486 2187 Ἡσαΐας
511 2138 779 2181 ἐθέσπισεν·
808 2134 911 2191 „371’
930 2136 971 2192 ⁷)
1003 2131 1136 2195 ὅρους
1150 2136 1340 2180 πεδινοῦ
1360 2132 1494 2196 ἄρατε
1518 2140 1722 2192 σημεῖον,

305 2214 521 2274 ὑψώσατε
559 2213 643 2268 τὴν
681 2210 844 2271 φωνὴν
891 2211 1059 2262 αὐτοῖς·
1107 2215 1408 2270 παρακαλεῖτε
1460 2216 1511 2274 τῇ
1553 2215 1723 2270 χειρί.“

311 2298 465 2339 Ταῦτα
504 2294 556 2337 δὲ
594 2294 790 2349 Πέρσαις
826 2293 904 2334 καὶ
940 2289 1123 2346 Μήδοις
1173 2293 1217 2335 οἱ
1254 2294 1492 2349 προφῆται
1528 2306 1725 2350 παρεκε-

307 2371 509 2427 λεύοντο,
542 2369 600 2419 ὠς
630 2365 908 2426 κρατήσασιν
936 2363 1022 2424 ἤδη
1050 2370 1349 2425 Βαβυλῶνος,
1389 2369 1466 2413 ἐπὶ
1506 2371 1598 2413 τῶν
1637 2368 1723 2412 αὐ-

308 2454 385 2505 τῆς
412 2451 575 2505 τειχῶν
605 2445 895 2503 ἁλωσομένης
926 2443 1180 2491 ιἰνατείνειν
1209 2449 1288 2490 τοῦ
1310 2449 1514 2503 πολέμου
1531 2444 1580 2491 τὸ
1607 2444 1721 2490 σύν-

428 2631 469 2686 ι)
498 2631 654 2672 Jerem.
683 2628 753 2680 LI,
783 2627 820 2670 9.
939 2628 983 2685 ²)
1011 2628 1166 2671 Jerem.
1197 2629 1268 2679 LI,
1296 2628 1335 2672 8.

427 2702 470 2758 ³)
499 2702 655 2742 Jerem.
685 2699 755 2750 LI,
784 2699 823 2743 9.
944 2700 987 2756 4)
1020 2699 1106 2742 Cfr.
1135 2700 1291 2740 Jerem.
1321 2699 1391 2748 LI,
1422 2698 1462 2742 9.

427 2773 470 2827 ⁵)
502 2771 587 2813 Cfr.
618 2769 772 2812 Jerem.
806 2771 876 2821 LI,
909 2769 971 2813 10.
1090 2770 1134 2825 ⁶)
1164 2770 1319 2812 Jerem.
1351 2768 1421 2818 LI,
1452 2766 1517 2810 10-

431 2843 474 2897 ⁷)
501 2839 626 2883 Jesai.
657 2840 778 2891 XIII,
807 2840 845 2883 2.
