1734 3112
626 130 826 172 ΗοΜιιιΑ
857 129 907 171 V.
1399 128 1480 172 169

61 244 132 290 τό·
163 243 401 301 ,,οι’δεις“)
431 241 586 298 βαλών
612 241 695 297 τὴν
717 247 852 301 χεΐοα
883 239 949 284 ἐπ’
984 237 1200 298 ἄροτρον,
1233 242 1310 282 καὶ
1341 254 1480 300 στρα-

64 325 166 380 φεὶς
194 324 254 370 εἰς
281 319 334 364 τὰ
365 319 526 375 ὀπίσω,
561 316 742 368 εὔθετός
771 319 861 362 ἐστι
891 320 940 377 τῆ
971 320 1176 374 βασιλείᾳ
1207 319 1285 360 τοῦ
1315 320 1442 360 θεοῦ.
1451 319 1481 340 “

64 398 267 454 Ζητήσας
298 397 431 452 αὐτὸ,
473 401 550 441 καὶ
582 394 748 452 εὑρών,
799 393 889 439 ἀπὸ
925 397 1016 438 τῶν
1045 396 1244 453 φραᾳῶν
1275 409 1482 450 συναγα-

62 475 158 533 γών
185 472 286 522 τοὺς
314 477 443 529 βοῦς,
485 473 588 524 τοῖς
627 471 815 531 ἐργάτας
859 470 960 521 τοὺς
992 470 1238 527 καθαροὺς,
1270 470 1485 529 άροτοία-

63 568 147 596 σον
175 555 250 594 καὶ
281 556 454 595 νέωσον
481 551 563 607 τὴν
592 554 695 608 γῆν,
729 553 805 594 καὶ
830 553 907 593 ἵνα
933 552 1092 604 μηκέτι
1111 549 1134 608 ῂ
1157 544 1343 598 παλαιὰ,
1374 550 1485 589 ποί-

61 643 173 684 ησον
203 626 344 683 αὐτὴν
374 633 495 673 νέαν.
550 626 943 683 Ἐκδυσάμενοςῖ)
974 623 1054 669 τὸν
1081 621 1281 667 παλαιὸν
1298 619 1483 681 α’νθρω-

64 721 156 749 πον
195 703 281 748 σὺν
318 710 414 754 ταῖς
461 703 681 765 πράξεσιν
718 704 882 758 αὐτοῦ,
933 705 1010 746 καὶ
1055 698 1363 758 ἐνδυσάμενος
1408 698 1488 743 τὸν

63 785 167 827 νέον
198 780 277 826 τόν
300 782 698 841 ἀνακαινούμενον
715 785 775 831 εἷς
793 783 1056 838 ἐπίγνωσιν,
1091 776 1295 833 ποιήσεις
1313 779 1486 833 σεαυτῷ

67 862 235 916 νέωμα.
295 864 387 903 Καὶ
427 858 512 904 ἐάν
549 857 738 920 ποιήσῃς
775 858 824 903 τὸ
876 862 1055 913 νέωμα,
1102 853 1209 911 λάβε
1252 858 1489 911 σπέρματα

67 936 157 981 ἀπὸ
189 940 280 980 τῶν
310 935 637 992 διδασκόντων,
669 935 778 993 λάβε
810 940 1048 993 σπέρματα
1080 931 1171 976 ἀπὸ
1205 934 1282 975 τοῦ
1324 929 1485 988 νόμου,

65 1012 171 1070 λάβε
213 1013 303 1058 ἀπὸ
343 1017 434 1059 τῶν
473 1017 751 1072 προφητῶν,
794 1010 886 1057 ἀπὸ
925 1011 1236 1068 εὐαγγελικῶν
1277 1011 1488 1066 γραφῶν,

67 1091 380 1135 ἆποστολικῶν
418 1089 593 1149 λόγων,
643 1095 720 1135 καὶ
760 1088 914 1147 λαβὼν
951 1092 1092 1132 ταῦτα
1138 1085 1192 1130 τὰ
1238 1090 1488 1146 σπέρματα,

70 1175 259 1225 σπεῖρον
287 1167 425 1225 τὴν3)
468 1168 624 1226 ψυχὴν
655 1168 731 1212 διὰ
763 1171 836 1223 τῆς
864 1164 1047 1225 μνήμης
1075 1169 1150 1208 καὶ
1188 1167 1264 1219 τῆς
1292 1167 1492 1223 μελέτης.

69 1242 316 1302 Αὐτόματα
346 1249 486 1289 ταῦτα
517 1243 637 1296 δόξει
654 1246 695 1302 ⁴)
729 1245 1005 1299 ἀνατέλλειν,
1038 1240 1087 1287 τὸ
1123 1241 1303 1297 ἀληθῶς
1332 1242 1382 1285 δὲ
1413 1240 1494 1284 οὐκ

72 1321 184 1366 αὐτὰ
214 1323 448 1368 ἀνατέλλει
478 1323 592 1380 μετὰ
625 1322 706 1377 τὴν
735 1320 925 1382 μνήμην
965 1320 1137 1374 αὐτῶν,
1190 1318 1280 1362 ἀλλ’
1327 1316 1348 1362 ὁ
1389 1316 1496 1367 θεὸς

72 1399 186 1444 αὐτὰ
236 1397 358 1450 αὔξει
378 1415 387 1425 ·
451 1399 640 1457 ,,ἐγώ5)
688 1399 940 1458 ἐφύτευσα,
999 1394 1224 1444 Ἀπολλώς
1271 1392 1494 1449 ἐπότισεν,

74 1477 168 1520 ἀλλ’
205 1475 226 1521 ὁ
259 1475 363 1525 θεὸς
392 1472 604 1532 ηῧξησε.“
666 1479 759 1519 Καὶ
800 1480 843 1520 εἴ
877 1481 941 1524 τίς
979 1490 1031 1531 γε
1072 1471 1314 1528 δεδύνηται
1352 1489 1496 1515 κατα-

75 1558 239 1609 νοῆσαι
267 1552 344 1602 τὰς
373 1552 571 1611 γραφὰς,
607 1545 735 1604 οὗτος
763 1558 983 1606 πεποίηκε
1026 1554 1206 1607 νέωμα·
1246 1551 1324 1593 καὶ
1358 1545 1497 1603 ποιή-

76 1647 158 1680 σας
187 1635 355 1689 νέωμα,
388 1633 595 1690 ἔσπειρεν
627 1630 708 1675 οὐκ
740 1632 788 1674 ἐν
813 1627 1050 1679 ἀκάνθαις.
1108 1630 1262 1671 Ταῦτα
1280 1624 1334 1669 τα
1357 1629 1499 1681 σπέρ-

74 1726 196 1766 ματα
229 1712 535 1766 οἰκονομεῖται
565 1707 655 1752 ὑπὸ
686 1710 766 1752 τοῦ
797 1711 932 1763 θεοῦ,
978 1706 1060 1751 οὐκ
1098 1705 1339 1762 αἰφνίδιον
1366 1706 1500 1760 γενέ-

76 1791 188 1830 σθαι
217 1783 395 1843 στάχυς,
429 1785 520 1829 ἀλλ’
540 1786 582 1842 6)
615 1784 673 1836 ὠς
702 1786 753 1830 ἐν
781 1787 843 1843 τῷ
872 1782 986 1829 κατὰ
1012 1780 1213 1842 ΠΙάρκον
1234 1781 1498 1839 εὐαγγελίῳ,

198 1982 239 2038 ¹)
271 1983 357 2024 Cfr.
387 1983 488 2023 Luc.
519 1983 596 2034 IX,
626 1981 693 2026 62.
814 1982 856 2035 2)
889 1980 976 2023 Cfr.
1009 1979 1172 2022 Coloss.
1205 1978 1285 2027 ΙΙΙ,
1315 1976 1354 2019 9.
1387 1975 1451 2019 10.

187 2050 322 2133 Ῐ)“Η.
354 2054 407 2094 ad
434 2069 561 2106 marg.
576 2084 587 2104 ‚
629 2053 681 2094 R.
721 2051 765 2093 in
803 2051 938 2093 notis:
983 2049 1120 2101 „Cod.
1159 2046 1407 2089 Vaticanus:
1451 2048 1502 2106 τῇ

84 2117 222 2169 “Imm-

199 2179 242 2235 4)
271 2180 324 2222 R.
365 2180 408 2221 in
445 2179 579 2221 notis:
620 2181 755 2231 „Cod.
803 2177 980 2221 Scorial.
1019 2176 1183 2233 (itemq.
1225 2174 1319 2214 edd.
1369 2172 1422 2212 H.
1462 2170 1506 2211 in

84 2248 240 2305 textu):
284 2252 390 2311 δοξῆ
431 2251 518 2307 μὲν
549 2249 861 2305 ἀναστέλλειν,
905 2246 954 2291 τὸ
984 2246 1165 2301 άληθῶς
1194 2244 1243 2287 δὲ
1276 2242 1359 2286 οὐκ
1393 2238 1506 2283 αὐτὰ

86 2317 370 2369 ἀναστέλλεις
396 2319 510 2378 μετά
552 2320 636 2374 τήν
678 2317 866 2378 μνήμην
896 2317 1072 2370 αὐτῶν,
1102 2313 1198 2359 αλλ’
1234 2312 1255 2357 ὁ
1289 2309 1394 2359 θεὸς
1423 2306 1509 2366 ηὐ-

89 2392 207 2442 ξησε
266 2392 358 2431 Καὶ
396 2394 438 2433 εἴ
473 2395 538 2439 τίς
573 2406 626 2446 γε
665 2387 938 2443 δεδύνηται“
978 2390 1070 2431 κτλ.
1105 2410 1155 2417 -
1196 2384 1250 2425 Η.
1281 2382 1334 2423 ad
1362 2381 1512 2433 margi-

89 2475 208 2499 nem:
238 2457 374 2508 „Cod.
407 2459 648 2501 Vaticanus:
685 2458 805 2512 δόξει
836 2459 1112 2507 ἀνατέλλειν,
1143 2452 1191 2497 τὸ
1221 2452 1399 2507 ἀληθῶς
1433 2449 1514 2494 οὐκ

91 2527 203 2571 αὐτὰ
235 2528 463 2572 ἀνατέλλει
499 2529 611 2585 μετὰ
652 2532 738 2585 μὲν
774 2527 964 2586 μνήμην
1005 2526 1175 2579 αὐτῶν,
1217 2522 1310 2566 ἀλλ’
1357 2521 1378 2565 ὁ
1411 2519 1516 2568 θεὸς

96 2597 208 2642 αὐτὰ
250 2596 394 2649 αὔξει·
434 2596 523 2654 ἐγώ
566 2596 814 2655 ἐφύτευσα,
842 2596 1067 2646 Ἀπολλὼς
1097 2592 1331 2646 ἐπότισεν,
1365 2589 1455 2633 ἀλλ’
1492 2587 1514 2632 6

97 2667 202 2718 θεὸς
230 2665 407 2723 ηὔξησε.
465 2669 557 2709 Καὶ
589 2671 631 2710 εἴ
658 2673 721 2716 τίς
751 2686 802 2726 γε
832 2666 1104 2723 δεδύνηταιζ*
1138 2667 1229 2708 κτλ.

214 2739 256 2795 ⁵)
288 2738 372 2780 Cfr.
404 2739 424 2779 I
457 2737 555 2779 Cor.
588 2738 666 2787 III,
696 2736 734 2780 6.

211 2807 254 2865 ⁶)
284 2808 338 2850 H.
370 2809 421 2850 ad
460 2823 610 2860 marg.,
654 2807 706 2849 R.
749 2807 791 2848 in
830 2807 960 2850 notis:
1008 2808 1153 2859 „deest
1193 2801 1283 2846 ἀλλ’
1328 2801 1368 2842 in
1410 2800 1518 2843 Cod.

95 2864 353 2907 Vaticano.“
