1763 3112
243 67 329 113 230
676 66 894 107 Omemus
925 78 968 106 m
1001 66 1239 107 Jssassmmm

243 178 397 240 “Ημᾶς
426 179 524 224 ἀντὶ
557 179 745 222 ἐκείνων
773 174 1071 234 περιεζώσατο
1104 174 1128 218 ὁ
1161 173 1290 224 θεός·
1333 174 1385 218 οὐ
1416 173 1506 231 γὰρ
1537 174 1663 219 α’πο-

249 254 403 313 βαλών
429 255 482 301 τὸ
509 258 763 313 περίζωμα,
808 256 958 311 ἔμεινε
1001 250 1198 310 γυμνὸς,
1250 250 1361 295 ἀλλὰ
1390 248 1504 294 ἄλλο
1534 256 1666 309 περί-

251 339 376 394 ζωμα
403 334 546 390 ἑαυτῷ
579 331 744 391 ὕφανε.
818 334 963 376 Τοῦτο
1003 330 1051 375 τὸ
1071 331 1110 387 ¹)
1141 333 1371 388 περίζωμα
1400 326 1426 383 ἡ
1459 329 1668 383 ἐκκλησία

252 413 375 456 ἐστὶν
404 409 430 465 ἡ
463 409 554 455 ἀπὸ
581 412 673 454 τῶν
702 411 870 453 ἐθνῶν·
915 406 1008 463 ἥτις
1038 411 1169 462 ἴστω,
1212 404 1278 450 ὅτι
1318 410 1357 450 εἰ
1386 407 1477 448 τῶν
1504 408 1671 461 προτέ-

254 504 346 545 ρων
370 488 452 532 οὐκ
472 489 687 545 ἐφείσατο
712 484 735 529 ὁ
753 484 873 540 θεὸς,
904 483 1034 540 πόσῳ
1056 487 1198 527 πλέον
1225 482 1333 527 οὐδὲ
1357 482 1494 536 αὐτῆς
1516 480 1669 540 ἆμαρ-

254 563 473 619 τανούσης
501 569 721 622 φείσεται,
754 561 834 606 ἐὰν
863 559 926 620 μὴ
958 554 984 622 ᾖ
1014 560 1116 610 ἀξία
1138 563 1216 613 τῆς
1238 558 1410 617 ὀσφύος
1429 563 1507 604 τοῦ
1533 561 1670 603 θεοῦ·

256 641 280 686 ὁ
312 643 362 686 δὲ
393 639 678 692 κολλώμενος
705 643 767 695 τῷ
799 643 964 696 κυρίῳ,
1005 638 1053 682 ἓν
1090 633 1273 694 πνεῦμά
1312 638 1434 681 ἐστιν
1471 638 1521 681 ἐν
1552 641 1671 693 Χρι-

255 722 346 776 στῷ
371 719 530 774 Ἰησοῦ,
563 708 597 775 ᾧ
628 718 750 762 ἐστιν
780 715 806 771 ἡ
839 713 950 766 δόξα
981 718 1058 758 καὶ
1087 713 1136 758 τὸ
1168 712 1328 772 κράτος
1351 717 1412 764 εἰς
1431 712 1534 763 τοὺς
1558 716 1671 757 αἰῶ-

256 812 334 845 νας
362 798 451 839 τῶν
481 792 676 840 αἰώνων.
731 791 896 850 Ἀμήνέ

700 1120 877 1174 Ὁμιλία
921 1119 1153 1175 δωδεκάτη
1170 1122 1229 1177 ²).

256 1233 337 1278 Εἰς
365 1229 435 1274 τό·
467 1234 578 1285 „zai
592 1234 633 1286 ³)
665 1233 778 1292 ἐρεῖς
811 1230 925 1289 πρὸς
953 1230 1033 1275 τὸν
1062 1230 1195 1276 λαόν·
1237 1231 1344 1277 τάδε
1373 1235 1494 1289 λέγει
1523 1230 1676 1289 κύριος

258 1305 280 1350 ὁ
311 1305 416 1357 θεὸς
444 1306 635 1366 Ἰσραήλ·
675 1312 766 1358 πᾶς
797 1308 934 1357 ἀσκὸς
973 1307 1319 1364 πληρωθήσεται
1356 1310 1551 1353 οἴνου·“
1588 1314 1675 1364 με’-

250 1400 327 1443 χρι
366 1386 475 1428 τοῦ·
525 1389 636 1441 „mci
652 1385 699 1442 4)
742 1384 1020 1436 κατάξουσιν
1066 1387 1109 1428 οἱ
1148 1384 1388 1445 ὀφθαλμοὶ
1423 1384 1557 1444 ὑμῶν
1589 1384 1674 1430 δά-

370 1478 507 1520 κρυα,
550 1461 614 1506 ὅτι
648 1466 882 1518 συνετρίβη
912 1459 960 1506 τὸ
993 1467 1215 1520 ποίμνιον
1244 1465 1322 1506 τοῦ
1355 1464 1565 1522 κυρίου.“

328 1574 366 1616 1.
384 1569 441 1618 ‘⁴0
462 1573 792 1632 προστάσσεται
811 1574 832 1619 ὁ
855 1573 1093 1633 προφήτης
1109 1577 1257 1632 λέγειν
1277 1573 1369 1618 ἀπὸ
1392 1577 1520 1629 θεοῦ,
1540 1574 1674 1632 ὀφεί-

258 1651 324 1694 λει
338 1646 469 1700 ἄξιον
486 1648 604 1696 εἶναι
628 1656 709 1697 τοῦ
724 1655 854 1697 θεοῦ.
905 1651 970 1697 Οὐ
996 1656 1207 1710 φαίνεται
1229 1652 1294 1707 δὲ,
1328 1650 1395 1696 ὅτι
1414 1651 1527 1696 τοῦτ’
1548 1648 1678 1703 ἄξιόν

259 1727 354 1770 ἔστι
397 1729 477 1771 τοῦ
515 1732 654 1784 θεοῦ,
699 1726 936 1787 μενόντων
973 1727 1106 1784 ἡμῶν
1153 1728 1230 1773 ἐπὶ
1270 1731 1349 1773 τοῦ
1387 1727 1681 1789 γράμματος·

260 1800 373 1848 ὥστε
402 1807 548 1850 εἶπεῖν
578 1802 717 1850 ἄλλον
745 1803 847 1849 τινὰ
877 1803 1135 1850 ἀκούσαντα
1165 1811 1246 1851 τοῦ
1261 1805 1547 1867 γράμματος,
1575 1825 1679 1867 μω-

260 1883 335 1935 ρία
365 1880 459 1924 ἐστὶ
487 1885 628 1926 ταῦτα
658 1882 712 1926 τὰ
741 1880 1007 1941 γράμματα.
1080 1887 1226 1928 Τοῦτο
1258 1886 1310 1929 δὲ
1340 1885 1437 1944 ἐρεῖ
1461 1883 1680 1942 ψυχικάς·

261 1955 489 2014 ,,ψυχικός
503 1959 545 2015 ⁵)
573 1958 666 2017 γὰρ
696 1956 943 2019 ἅνθρωπος
973 1959 1024 2004 οὐ
1055 1962 1232 2017 δέχεται.
1270 1959 1324 2005 τὰ
1355 1964 1436 2005 τοῦ
1464 1960 1677 2021 πνεύμα-

265 2050 339 2083 τος
366 2037 446 2080 τοῦ
475 2039 609 2080 θεοῦ·
636 2041 802 2096 ,μωρία
840 2034 931 2094 γὰρ
961 2036 1082 2094 αὐτῷ
1119 2038 1293 2082 ἕστιν.“
1340 2037 1454 2097 Ὅρα
1485 2031 1568 2083 οὖν
1597 2038 1680 2095 τὴν

262 2115 382 2162 λέξιν
416 2117 462 2156 τί
500 2128 628 2171 φησι.
697 2114 881 2171 „Ram
922 2115 1036 2171 ἐρεῖς
1072 2113 1187 2175 πρὸς
1224 2115 1304 2160 τὸν
1342 2114 1456 2160 λαὸν
1491 2119 1677 2162 τοῦτον·

260 2187 370 2234 τάδε
398 2192 519 2248 λέγει
548 2187 701 2250 κύριος
732 2190 754 2236 ὃ
785 2190 893 2242 θεὸς
916 2189 1138 2253 ’[σραήλ.“
1196 2189 1349 2243 ’Ἀξιον
1376 2195 1489 2239 ἔστω
1519 2198 1678 2254 κυρίου

261 2269 341 2310 τοῦ
380 2270 493 2313 θεοῦ
525 2266 726 2330 Ἰσραήλ·
763 2269 941 2327 ,,πᾶ’ς””)
980 2269 1119 2320 ἀσκὸς
1152 2269 1502 2331 πληρωθήσεται
1533 2276 1677 2318 οἴνου.

265 2346 357 2386 Καὶ
386 2345 524 2402 ἔσται,
557 2345 641 2391 ἐὰν
669 2350 831 2392 εἴπωσι
857 2345 971 2405 πρὸς
1000 2353 1074 2392 σε’·
1104 2346 1169 2405 μὴ
1197 2348 1383 2405 γνόντες
1413 2349 1467 2394 οὐ
1496 2347 1679 2408 γνωσό-

382 2514 421 2566 ¹)
453 2512 586 2553 Deest
615 2514 720 2564 ,,τό“
751 2516 792 2556 in
824 2516 887 2556 ed.
917 2516 968 2556 R.

374 2583 417 2634 2)
450 2583 502 2624 H.
534 2594 575 2623 et
604 2586 669 2635 R„
700 2585 817 2627 uncis
846 2585 1035 2626 inclusis:
1066 2586 1178 2643 juxta
1207 2587 1517 2644 Hieronymum
1546 2588 1620 2628 IX.

378 2653 420 2706 3)
451 2654 537 2695 Cfr.
566 2654 721 2697 Jerem.
751 2656 875 2703 XIII,
905 2656 969 2700 12.
1089 2656 1131 2711 ⁴)
1161 2656 1317 2698 Jercm.
1347 2657 1468 2706 XIII,
1501 2656 1564 2699 17.

379 2723 419 2778 ⁵)
453 2723 537 2765 Cfr.
570 2726 588 2765 I
621 2725 719 2766 Cor.
750 2727 805 2775 Π,
836 2725 900 2768 14.
1021 2728 1062 2781 ⁶)
1096 2726 1178 2769 Cfr.
1210 2728 1366 2771 Jcrem.
1400 2727 1520 2775 XIII,
1556 2725 1619 2768 12.

382 2792 422 2847 7)
453 2794 607 2836 Jerem.
640 2796 760 2845 XIII,
792 2795 855 2838 12.
