1734 3112
263 131 319 175 68
537 130 757 171 Omcmus
788 143 829 169 lx
863 129 1043 170 emme.
1077 128 1376 171 mmmmm

270 245 355 286 latu
388 245 512 285 celeri
546 243 787 300 pervenire,
819 243 980 282 dicens:
1035 242 1163 297 „quis
1186 243 1222 297 ¹)
1251 240 1351 281 mihi
1384 238 1497 279 dabit
1529 253 1684 294 pennas

269 323 376 364 sicut
415 322 637 363 columbae
662 321 727 373 ²),
775 334 811 361 ct
848 321 1023 366 volabo,
1070 330 1109 358 et
1139 317 1458 374 requiescam?“
1519 316 1684 357 volabo

268 400 468 450 sensibus,
501 400 652 440 volabo
686 399 971 439 intellectibus
1002 395 1313 453 spiritualibus,
1344 408 1378 437 et
1416 394 1687 451 requiescam,

269 496 362 521 cum
403 478 721 535 apprehendero
763 476 988 532 sapientiae
1029 487 1067 515 et
1107 474 1359 530 scientiae³)
1399 473 1486 532 ejus
1526 475 1688 515 thesau-

267 574 349 599 ros.
409 557 519 597 Puto
554 555 686 604 enim,
722 554 816 610 quia
834 555 898 610 ⁴),
936 553 1041 594 sicut
1084 552 1152 608 qui
1184 565 1366 593 mortem
1399 552 1552 594 Christi
1586 552 1688 592 reci—

267 636 400 692 piunt,
435 646 474 675 et
505 632 758 674 mortificant
791 634 979 673 membra
1012 648 1081 672 sua
1113 647 1239 687 super
1270 643 1442 680 terram,
1474 642 1689 671 consortes

269 712 565 767 efficiuntuffl)
594 710 882 752 similitudinis
914 709 1059 750 mortis
1092 709 1198 767 ejus:
1243 709 1296 749 ita
1332 721 1371 749 et
1402 708 1466 758 hi,
1507 709 1575 765 qui
1610 707 1689 748 vir-
1727 761 1734 766 1

266 802 398 832 tutem
430 787 613 846 Spiritus
641 787 771 829 sancti
802 787 1035 843 recipiunt,
1067 800 1105 828 et
1136 787 1446 828 sanctificantur
1472 804 1520 828 ex
1551 804 1615 838 eo,
1649 798 1687 826 et

267 868 390 909 donis
421 867 508 925 ejus
538 868 774 923 replentur,
817 866 913 923 quia
944 867 1031 923 ipse
1063 866 1104 907 in
1135 865 1275 922 specie
1308 866 1529 906 columbae
1561 882 1688 922 appa·

265 946 371 996 mit,
411 945 593 1001 etiamss)
625 945 703 1000 ipsi
737 944 958 986 columbae
999 945 1120 993 stant,
1159 957 1205 986 ut
1237 946 1288 986 de
1319 944 1492 986 terrenis
1525 957 1565 986 et
1597 961 1688 986 cor-

265 1023 409 1079 poreis
451 1022 557 1064 locis
596 1023 787 1074 evolent,
831 1023 883 1063 ad
919 1022 1115 1064 coelestia
1154 1023 1302 1080 pennis
1339 1023 1469 1065 sancti
1507 1023 1688 1080 Spiritus

267 1101 486 1142 sublevati.
550 1101 682 1156 Quod
711 1101 819 1157 sit7)
859 1113 998 1142 autem
1037 1113 1203 1158 ternpus
1245 1114 1560 1159 opportunum,
1604 1118 1687 1158 quo

265 1179 369 1220 haec
406 1180 499 1220 fieri
538 1179 722 1235 possint,
774 1191 1079 1235 consequenter
1116 1180 1310 1221 inseruit:
1359 1180 1491 1237 „quia
1508 1181 1549 1235 ς’)
1593 1196 1687 1220 ecce

267 1256 422 1307 hiems,
472 1257 633 1313 inquit,
679 1256 864 1306 transiit,
911 1258 1057 1313 pluvia
1095 1258 1245 1299 abiit.‘·
1305 1260 1402 1298 Non
1442 1257 1553 1299 enim
1595 1269 1688 1299 ante

267 1333 406 1375 anima
445 1336 573 1375 verbo
605 1334 689 1374 Dei
728 1333 913 1390 jungitur
953 1349 990 1376 et
1028 1336 1234 1386 sociatur,
1285 1336 1363 1376 nisi
1397 1335 1532 1376 omnis
1563 1353 1611 1376 ex
1643 1351 1688 1375 ea

266 1410 400 1452 hiems
429 1412 797 1467 perturbationum
828 1429 874 1453 ac
907 1413 1105 1455 vitiorum
1136 1413 1326 1470 procella
1358 1413 1616 1463 discesserit,
1648 1426 1688 1454 et

266 1488 377 1530 ultra
405 1488 490 1547 jam
513 1505 600 1530 non
629 1490 826 1541 fluctuet,
869 1502 910 1531 et
943 1492 1261 1533 circumferatur
1301 1490 1419 1531 omni
1457 1504 1582 1532 vento
1616 1491 1691 1532 do·

268 1566 437 1608 ctrinae.
496 1566 584 1608 Ubi
618 1581 715 1621 ergo
750 1585 797 1609 ex
828 1569 966 1611 anima
995 1570 1097 1611 haee
1128 1581 1277 1610 cuncta
1307 1568 1583 1619 discesserint,
1618 1569 1692 1610 de-

267 1643 606 1701 sideriorumque
640 1647 691 1687 ab
722 1647 868 1688 eadent
911 1660 1134 1704 tempestas
1175 1646 1371 1700 effugerit
1390 1647 1452 1702 9),
1501 1659 1599 1688 tunc
1630 1646 1692 1687 in-

269 1720 427 1777 cipient
457 1721 500 1762 in
530 1739 577 1763 ea
607 1724 732 1764 flores
762 1741 932 1766 vernare
973 1726 1198 1776 virtutum,
1238 1737 1336 1766 tunc
1368 1723 1454 1782 ejus
1484 1724 1617 1766 menti
1650 1737 1690 1766 et

267 1809 436 1855 tempus
456 1800 522 1855 ¹⁰)
553 1800 782 1856 putationis
812 1802 1028 1851 adveniet,
1061 1814 1101 1843 et
1137 1802 1169 1842 si
1202 1802 1303 1858 quid
1341 1803 1602 1859 superfluum
1621 1803 1630 1827 ¹
1650 1804 1688 1856 ¹)

270 1887 312 1916 et
350 1876 488 1917 minus
528 1877 633 1919 utile
673 1878 800 1919 fuerit
847 1878 888 1919 in
931 1878 1019 1935 ejus
1059 1879 1245 1920 sensibus
1285 1881 1352 1921 vel
1392 1880 1690 1929 intellectibus,

267 1955 546 2007 resecabitur,
590 1967 629 1995 et
668 1956 718 1996 ad
749 1972 932 2009 gemmas
971 1956 1201 2012 spiritualis
1239 1957 1539 2011 intelligentiae
1569 1974 1690 1998 revo-

391 2199 428 2255 ·)
461 2198 732 2241 Cfr.Psa1m.
763 2200 916 2250 ηδ

385 2270 430 2326 2)
459 2270 568 2311 Edd.
598 2271 659 2312 M.
692 2270 856 2312 omissis
886 2271 1080 2328 reliquis:
1114 2273 1402 2321 „columbae?
1441 2286 1481 2316 et
1515 2276 1683 2317 v:olabo

272 2337 311 2366 et
342 2326 620 2384 requiescam:
655 2344 750 2368 cum
779 2328 1100 2384 apprehendero
1115 2334 1140 2352 “
1171 2340 1248 2371 etc.

385 2398 428 2453 ³)
458 2397 568 2439 Edd.
599 2398 661 2439 M.
694 2397 918 2448 „scientiae
950 2399 1202 2441 thesaurum.
1218 2408 1240 2424 ‘³

384 2467 427 2524 ⁴)
457 2467 567 2509 Edd.
597 2469 658 2509 M.
691 2468 824 2525 „quia
853 2469 897 2510 hi
928 2469 999 2526 qui
1013 2475 1038 2495 “
1070 2482 1146 2511 etc.

386 2538 428 2594 5)
457 2537 567 2579 Edd.
596 2539 657 2580 M.
690 2538 1015 2589 ‚‚efficiantur.“

384 2606 429 2663 εἰ)
458 2607 567 2649 Edd.
598 2609 659 2650 M.
692 2620 773 2659 „ut
803 2610 963 2651 etiam“
996 2623 1074 2653 etc.
1197 2610 1238 2667 ⁷)
1269 2610 1347 2653 Ed.
1379 2612 1534 2654 Ruaei:
1566 2613 1611 2655 si.

383 2678 426 2731 8)
458 2678 617 2720 Cantic.
649 2680 714 2730 II,
747 2680 812 2723 11.
935 2681 975 2737 ⁹)
1006 2681 1115 2722 Edd.
1147 2681 1207 2721 Μ.
1239 2681 1506 2730 ‚,defuerit.“

360 2747 430 2804 ¹⁰)
460 2748 697 2806 Procopius
738 2766 785 2790 ex
826 2750 1029 2803 Origene:
1062 2753 1250 2808 ,,Τομῆς
1288 2752 1509 2808 καιρὸς,“
1551 2751 1573 2795 ὁ
1612 2755 1686 2808 τῆς

269 2806 360 2849 τῶν
387 2809 607 2861 περιττῶν
637 2806 912 2856 ἀποθέσεως.
970 2809 1150 2851 Ruaeus.

361 2876 428 2931 ¹¹)
457 2875 565 2918 Edd.
597 2875 657 2919 M.
689 2878 1004 2933 „supet-fluum:
1037 2894 1109 2921 seu
1142 2877 1241 2933 quid
1272 2877 1443 2920 καίους’*
1484 2891 1558 2920 etc.
