1734 3112
247 80 302 123 70
509 79 730 120 Ome-ems
761 89 804 120 m*
836 78 1018 119 CANTm.
1052 76 1353 119 Cmneonum

253 193 478 249 quaedam,
524 208 630 249 quae
669 190 869 248 producit
911 207 1081 244 germen
1119 208 1263 232 suum:
1320 192 1438 247 (κη’)
1485 204 1525 233 et
1569 194 1675 245 vitis,

253 286 358 327 quae
397 270 569 321 floreat,
617 282 659 311 et
697 270 845 310 reddat
887 270 1068 310 odorem
1105 285 1238 318 suum.
1303 267 1433 325 Cujus
1465 269 1558 311 vitis
1588 272 1677 327 pal-

255 348 377 391 mites
417 360 567 406 purgat
603 360 723 405 pater
761 347 955 388 coelestis
997 346 1201 400 agricola,
1246 358 1292 388 ut
1331 348 1516 390 fructum
1546 348 1678 404 pluri-

255 443 372 469 mum
412 427 603 468 afferant.
663 426 807 481 Sed2)
847 425 948 466 haec
987 423 1080 466 vitis
1121 424 1260 480 primo
1298 441 1376 481 per
1415 425 1560 468 odoris
1588 444 1679 469 sua-

256 505 449 556 vitatem,
492 521 596 562 quae
629 520 676 545 ex
708 503 812 545 flore
844 501 1057 553 redditur,
1096 500 1296 544 laetificat
1325 502 1575 552 odoratum,
1616 520 1679 544 se-

259 585 443 626 cundum
486 600 605 632 eum,
652 581 723 638 qui
764 579 950 622 dicebat:
1010 578 1305 637 „quoniam‘³)
1345 579 1500 623 Christi
1543 582 1681 623 bonus

258 663 367 704 odor
395 679 537 704 sumus
568 661 664 702 Deo
696 660 738 700 in
771 658 889 700 omni
917 659 1067 700 loc0.“
1127 658 1243 699 Haec
1275 673 1372 710 ergo
1404 658 1524 700 initia
1551 658 1681 701 virtu-

257 754 346 782 tum
377 741 522 782 videns
553 755 692 780 sermo
722 736 808 778 Dei
838 736 881 778 in
912 736 1072 787 anima,
1113 747 1237 777 vocat
1276 751 1364 777 eam
1407 737 1460 778 ad
1477 735 1517 791 4)
1548 750 1682 778 semet
1721 746 1734 752 '

257 821 408 876 ipsum,
439 831 484 859 ut
514 816 684 858 festinet
716 826 756 856 et
788 826 924 855 exeat:
959 827 1000 855 et
1030 814 1228 872 abjiciens
1260 814 1464 871 cuncta⁵)
1489 831 1683 871 corpora,

259 897 371 939 venit
399 897 452 938 ad
484 912 601 946 eum,
633 906 680 937 ut
703 893 978 952 perfectionis
1011 892 1097 951 ejus
1128 892 1339 950 particeps
1370 892 1454 933 fiat.
1514 892 1681 934 Idcirco

256 976 383 1030 igitur
423 973 540 1033 quasi
579 973 712 1015 adhuc
752 970 928 1029 jacenti,
971 982 1011 1013 et
1049 970 1091 1012 in
1120 972 1244 1013 rebus
1277 971 1493 1028 corporeis
1522 970 1685 1013 incum-

256 1053 375 1095 benti
403 1052 544 1110 primo
578 1051 698 1093 dicit:
732 1065 930 1102 „exsurge
947 1049 1051 1106 ⁶):“
1085 1061 1125 1090 et
1156 1049 1273 1106 quasi
1305 1066 1411 1106 quae
1442 1048 1582 1091 statim
1608 1052 1682 1092 ob-

259 1130 431 1181 edierit,
470 1142 512 1171 et
543 1131 742 1171 obsecuta
778 1128 829 1170 sit
862 1126 1108 1183 vocanti7),
1148 1128 1415 1169 collaudatur
1444 1129 1494 1169 ab
1527 1144 1602 1179 eo,
1642 1141 1683 1172 et

258 1209 394 1252 audit:
430 1207 718 1265 „proxima⁸)
750 1223 856 1257 mea,
888 1218 929 1247 et
960 1205 1157 1247 columba
1186 1211 1321 1249 mea.“
1372 1205 1428 1247 Et
1447 1218 1545 1262 post
1567 1207 1686 1261 haec,

258 1304 309 1330 ne
341 1288 392 1329 ad
423 1285 707 1328 tentationum
735 1284 923 1326 turbines
951 1284 1204 1341 trepidaret,
1235 1283 1452 1325 annuntiat
1483 1284 1536 1335 ei,
1566 1287 1683 1342 quod

255 1365 389 1407 hiems
429 1362 743 1419 discesserit9),
786 1374 827 1404 et
863 1361 1010 1419 pluvia
1046 1361 1278 1413 transierit,
1322 1374 1364 1403 et
1402 1361 1552 1404 abierit
1588 1363 1682 1406 sibi.

255 1443 372 1485 Bene
406 1453 548 1483 autem
580 1440 782 1482 vitiorum
824 1451 865 1481 et
904 1451 1177 1496 peccatorum
1215 1450 1406 1482 naturam
1446 1457 1532 1482 uno
1571 1442 1682 1484 miro

256 1537 452 1564 sermone
482 1521 651 1578 prolato
677 1518 938 1573 significavit,
968 1529 1015 1559 ut
1043 1517 1289 1576 hujusmodi
1319 1518 1479 1560 diceret
1500 1518 1684 1562 hiemem

258 1613 299 1642 et
328 1599 538 1657 pluviam,
589 1614 693 1655 quae
736 1613 785 1639 ex
824 1596 1026 1637 vitiorum
1057 1596 1215 1638 delicto
1246 1609 1580 1655 tempestateque
1611 1600 1683 1642 de-

258 1678 442 1727 scendat,
472 1676 553 1718 sibi
583 1675 734 1717 abiisse
767 1675 968 1726 indicans,
1003 1685 1044 1716 et
1072 1691 1151 1731 per
1179 1675 1262 1716 hoc
1283 1675 1445 1717 nullam
1472 1692 1558 1719 esse
1587 1679 1684 1720 sub-

257 1755 450 1798 stantiam
488 1765 775 1811 peccatorum.
844 1755 943 1795 Non
982 1752 1095 1794 enim
1135 1753 1374 1797 decidentia
1421 1755 1471 1796 de
1512 1755 1683 1798 homine

257 1833 356 1876 vitia
392 1833 444 1875 ad
484 1831 669 1889 aliquam
709 1831 834 1873 aliam
874 1830 1147 1873 substantiam
1191 1835 1552 1893 peccatorum¹⁰)
1584 1853 1682 1878 con-

257 1923 491 1967 gregantur,
522 1908 597 1951 sed
626 1909 705 1951 sibi
736 1911 914 1961 abeunt,
945 1921 986 1950 et
1015 1908 1059 1949 in
1089 1922 1222 1951 semet
1250 1910 1341 1967 ipsa
1371 1913 1557 1955 resoluta
1587 1932 1680 1957 eva-

256 2002 452 2040 nescunt,
487 2001 613 2047 atque
644 1989 685 2030 in
715 1988 896 2031 nihilum
925 1986 1183 2041 rediguntur.
1243 1988 1311 2029 Ed
1340 1988 1438 2031 ideo
1471 1991 1679 2049 dixit¹¹):

256 2066 382 2125 „quia
410 2065 514 2109 abiit
544 2066 672 2108 sibi.“
732 2066 803 2108 Fit
821 2065 887 2123 12)
920 2081 1018 2119 ergo
1051 2064 1330 2122 tranquillitas
1360 2068 1522 2112 animae
1552 2087 1679 2128 appa-

377 2215 417 2273 ¹)
446 2215 556 2257 Edd.
586 2214 647 2256 M.
681 2226 758 2265 „et
790 2226 851 2255 est
881 2213 1013 2255 vitis“
1046 2225 1123 2256 etc.

371 2286 415 2343 ²)
445 2286 557 2337 Edd,
587 2285 648 2327 M·
679 2285 799 2335 „Sed
831 2284 932 2326 haec
960 2285 1147 2342 primum
1177 2291 1289 2343 per“
1323 2300 1398 2329 etc.

375 2357 417 2414 ³)
450 2358 491 2398 H
510 2357 608 2399 Cor.
639 2356 702 2406 II,
735 2356 801 2398 15.

374 2426 416 2483 ⁴)
446 2427 558 2469 Edd.
588 2427 649 2469 M.
681 2427 770 2477 „ad
799 2438 932 2468 semet
961 2426 1099 2484 ipsum
1112 2435 1150 2469 .“

374 2496 414 2552 ⁵)
448 2497 558 2539 Edd.
589 2498 651 2540 Μ.
682 2509 866 2548 „cuncta
896 2514 1101 2555 corporea
1133 2499 1306 2542 veniat“
1338 2512 1416 2542 etc.

371 2568 414 2624 6)
447 2567 604 2610 Cantie.
636 2570 695 2618 Il,
729 2568 794 2612 10.
916 2570 957 2626 7)
986 2569 1095 2612 Edd.
1128 2571 1189 2612 M.
1219 2571 1512 2623 „voluntati.“

369 2638 413 2696 8)
447 2637 605 2681 Cantic.
637 2640 703 2685 II.
734 2639 798 2683 10.
920 2640 962 2695 ⁹)
994 2639 1103 2681 Edd.
1134 2642 1195 2683 M.
1227 2641 1497 2693 ‚,discessit.“

346 2711 414 2767 ¹⁰)
444 2711 577 2751 Deest
606 2717 950 2766 ‚,peccatorum“
980 2710 1024 2752 in
1056 2712 1150 2753 edd.
1182 2714 1242 2755 M.

344 2781 414 2837 ¹¹)
443 2781 551 2822 Edd.
584 2781 642 2823 M.
673 2813 698 2832 „
714 2780 828 2822 dicit.
841 2787 865 2805 “
897 2806 948 2814 —
981 2781 1141 2827 Cantic.
1173 2784 1237 2834 ΙΙ,
1268 2783 1333 2827 11.

348 2852 415 2908 ¹²)
445 2851 554 2896 Edd.
585 2852 644 2895 M.
678 2851 789 2904 „Sic
822 2867 919 2906 ergo
935 2858 959 2880 ‘⁴
991 2863 1069 2894 etc.
1308 2863 1338 2900 7
