<?xml version="1.0" encoding="UTF-8"?>
<!DOCTYPE html PUBLIC "-//W3C//DTD XHTML 1.0 Transitional//EN"
    "http://www.w3.org/TR/xhtml1/DTD/xhtml1-transitional.dtd">
<html xmlns="http://www.w3.org/1999/xhtml" xml:lang="en" lang="en">
 <head>
  <title>
</title>
<meta http-equiv="Content-Type" content="text/html;charset=utf-8" />
  <meta name='ocr-system' content='tesseract 3.04.00' />
  <meta name='ocr-capabilities' content='ocr_page ocr_carea ocr_par ocr_line ocrx_word'/>
</head>
<body>
  <div class='ocr_page' id='page_1' title='image "./operaomniaquaegr15orig_0197.png"; bbox 0 0 1734 3112; ppageno 0'>
   <div class='ocr_carea' id='block_1_1' title="bbox 643 36 1503 86">
    <p class='ocr_par' dir='ltr' id='par_1_1' title="bbox 643 36 1503 86">
     <span class='ocr_line' id='line_1_1' title="bbox 643 36 1503 86; baseline 0.001 -9"><span class='ocrx_word' id='word_1_1' title='bbox 643 36 843 79; x_wconf 76' lang='grc' dir='ltr'><em>ΗοΜῙιιΛ</em></span> <span class='ocrx_word' id='word_1_2' title='bbox 872 37 945 78; x_wconf 88' lang='lat' dir='ltr'><em>VI.</em></span> <span class='ocrx_word' id='word_1_3' title='bbox 1422 40 1503 86; x_wconf 82' lang='lat'><em>183</em></span> 
     </span>
    </p>
   </div>
   <div class='ocr_carea' id='block_1_2' title="bbox 85 148 1164 204">
    <p class='ocr_par' dir='ltr' id='par_1_2' title="bbox 85 148 1164 204">
     <span class='ocr_line' id='line_1_2' title="bbox 85 148 1164 204; baseline -0.005 -10"><span class='ocrx_word' id='word_1_4' title='bbox 85 152 160 195; x_wconf 90' lang='grc' dir='ltr'><em>καὶ</em></span> <span class='ocrx_word' id='word_1_5' title='bbox 206 149 288 193; x_wconf 82' lang='grc' dir='ltr'><em>οὐκ</em></span> <span class='ocrx_word' id='word_1_6' title='bbox 335 149 564 204; x_wconf 77' lang='grc' dir='ltr'><em>ἠθέλησαν</em></span> <span class='ocrx_word' id='word_1_7' title='bbox 609 149 843 198; x_wconf 75' lang='grc' dir='ltr'><em>δέξασθαι</em></span> <span class='ocrx_word' id='word_1_8' title='bbox 874 148 1164 192; x_wconf 79' lang='grc' dir='ltr'><em>παιδείαν·“</em></span> 
     </span>
    </p>
   </div>
   <div class='ocr_carea' id='block_1_3' title="bbox 73 147 1542 1289">
    <p class='ocr_par' dir='ltr' id='par_1_3' title="bbox 73 147 1507 1197">
     <span class='ocr_line' id='line_1_3' title="bbox 1211 147 1507 210; baseline 0.02 -21"><span class='ocrx_word' id='word_1_9' title='bbox 1211 147 1306 192; x_wconf 69' lang='grc' dir='ltr'><em>ἀπὸ</em></span> <span class='ocrx_word' id='word_1_10' title='bbox 1351 167 1507 210; x_wconf 85' lang='grc' dir='ltr'><em>παρα-</em></span> 
     </span>
     <span class='ocr_line' id='line_1_4' title="bbox 88 222 1500 285; baseline 0 -13"><span class='ocrx_word' id='word_1_11' title='bbox 88 229 330 284; x_wconf 75' lang='grc' dir='ltr'><em>δείγματος</em></span> <span class='ocrx_word' id='word_1_12' title='bbox 357 227 436 268; x_wconf 84' lang='grc' dir='ltr'><em>τοῦ</em></span> <span class='ocrx_word' id='word_1_13' title='bbox 477 222 590 268; x_wconf 78' lang='grc' dir='ltr'><em>κατὰ</em></span> <span class='ocrx_word' id='word_1_14' title='bbox 631 222 710 268; x_wconf 86' lang='grc' dir='ltr'><em>τὸν</em></span> <span class='ocrx_word' id='word_1_15' title='bbox 745 222 1063 283; x_wconf 77' lang='grc' dir='ltr'><em>παραδιδόντα</em></span> <span class='ocrx_word' id='word_1_16' title='bbox 1108 222 1190 280; x_wconf 84' lang='grc' dir='ltr'><em>τὴν</em></span> <span class='ocrx_word' id='word_1_17' title='bbox 1232 225 1500 285; x_wconf 74' lang='grc' dir='ltr'><em>ἐπιστήμην,</em></span> 
     </span>
     <span class='ocr_line' id='line_1_5' title="bbox 81 299 1499 360; baseline 0.001 -11"><span class='ocrx_word' id='word_1_18' title='bbox 81 307 159 349; x_wconf 87' lang='grc' dir='ltr'><em>καὶ</em></span> <span class='ocrx_word' id='word_1_19' title='bbox 187 302 267 348; x_wconf 79' lang='grc' dir='ltr'><em>τὸν</em></span> <span class='ocrx_word' id='word_1_20' title='bbox 297 300 361 359; x_wconf 88' lang='grc' dir='ltr'><em>μὴ</em></span> <span class='ocrx_word' id='word_1_21' title='bbox 389 299 675 358; x_wconf 84' lang='grc' dir='ltr'><em>βουλόμενον</em></span> <span class='ocrx_word' id='word_1_22' title='bbox 696 305 980 359; x_wconf 77' lang='grc' dir='ltr'><em>παραλαβεῖν</em></span> <span class='ocrx_word' id='word_1_23' title='bbox 1010 300 1091 357; x_wconf 91' lang='grc' dir='ltr'><em>τὴν</em></span> <span class='ocrx_word' id='word_1_24' title='bbox 1121 301 1372 360; x_wconf 76' lang='grc' dir='ltr'>ἐπιστήμην</span> <span class='ocrx_word' id='word_1_25' title='bbox 1402 305 1499 351; x_wconf 75' lang='grc' dir='ltr'><em>ἀπὸ</em></span> 
     </span>
     <span class='ocr_line' id='line_1_6' title="bbox 82 376 1504 438; baseline -0.001 -12"><span class='ocrx_word' id='word_1_26' title='bbox 82 384 158 426; x_wconf 87' lang='grc' dir='ltr'><em>τοῦ</em></span> <span class='ocrx_word' id='word_1_27' title='bbox 199 376 546 436; x_wconf 82' lang='grc' dir='ltr'><em>παραδιδόντος.</em></span> <span class='ocrx_word' id='word_1_28' title='bbox 606 376 769 422; x_wconf 80' lang='grc' dir='ltr'><em>Πάντα</em></span> <span class='ocrx_word' id='word_1_29' title='bbox 809 378 898 437; x_wconf 82' lang='grc' dir='ltr'><em>γὰρ</em></span> <span class='ocrx_word' id='word_1_30' title='bbox 937 377 991 422; x_wconf 74' lang='grc' dir='ltr'><em>τα</em></span> <span class='ocrx_word' id='word_1_31' title='bbox 1031 378 1135 438; x_wconf 79' lang='grc' dir='ltr'><em>παρ’</em></span> <span class='ocrx_word' id='word_1_32' title='bbox 1159 379 1199 436; x_wconf 90' lang='lat'><em>¹)</em></span> <span class='ocrx_word' id='word_1_33' title='bbox 1232 379 1353 437; x_wconf 84' lang='grc' dir='ltr'><em>αὐτῷ</em></span> <span class='ocrx_word' id='word_1_34' title='bbox 1395 398 1504 426; x_wconf 84' lang='grc' dir='ltr'><em>ποι-</em></span> 
     </span>
     <span class='ocr_line' id='line_1_7' title="bbox 80 453 1505 512; baseline 0 -10"><span class='ocrx_word' id='word_1_35' title='bbox 80 463 178 504; x_wconf 84' lang='grc' dir='ltr'><em>είτω</em></span> <span class='ocrx_word' id='word_1_36' title='bbox 209 455 231 500; x_wconf 82' lang='grc' dir='ltr'><em>ὃ</em></span> <span class='ocrx_word' id='word_1_37' title='bbox 257 453 545 510; x_wconf 76' lang='grc' dir='ltr'><em>διδάσκαλος,</em></span> <span class='ocrx_word' id='word_1_38' title='bbox 580 459 656 498; x_wconf 85' lang='grc' dir='ltr'><em>καὶ</em></span> <span class='ocrx_word' id='word_1_39' title='bbox 686 459 946 500; x_wconf 82' lang='grc' dir='ltr'><em>συντελείτω</em></span> <span class='ocrx_word' id='word_1_40' title='bbox 978 453 1129 499; x_wconf 81' lang='grc' dir='ltr'><em>πάντα</em></span> <span class='ocrx_word' id='word_1_41' title='bbox 1161 460 1222 506; x_wconf 82' lang='grc' dir='ltr'><em>εἰς</em></span> <span class='ocrx_word' id='word_1_42' title='bbox 1243 454 1505 512; x_wconf 74' lang='grc' dir='ltr'><em>παράδοσιν</em></span> 
     </span>
     <span class='ocr_line' id='line_1_8' title="bbox 79 531 1502 593; baseline 0.001 -15"><span class='ocrx_word' id='word_1_43' title='bbox 79 531 344 591; x_wconf 74' lang='grc' dir='ltr'><em>ἐπιστήμης,</em></span> <span class='ocrx_word' id='word_1_44' title='bbox 389 533 558 581; x_wconf 73' lang='grc' dir='ltr'><em>ἐκεῖνος</em></span> <span class='ocrx_word' id='word_1_45' title='bbox 600 531 743 591; x_wconf 79' lang='grc' dir='ltr'><em>δὲμὴ</em></span> <span class='ocrx_word' id='word_1_46' title='bbox 787 535 1117 593; x_wconf 70' lang='grc' dir='ltr'><em>παραδεχέσθω</em></span> <span class='ocrx_word' id='word_1_47' title='bbox 1156 532 1210 576; x_wconf 72' lang='grc' dir='ltr'><em>τα</em></span> <span class='ocrx_word' id='word_1_48' title='bbox 1250 532 1502 592; x_wconf 80' lang='grc' dir='ltr'><em>λεγόμενα·</em></span> 
     </span>
     <span class='ocr_line' id='line_1_9' title="bbox 77 606 1504 668; baseline 0.002 -13"><span class='ocrx_word' id='word_1_49' title='bbox 77 609 243 668; x_wconf 81' lang='grc' dir='ltr'><em>εἴποιμ’</em></span> <span class='ocrx_word' id='word_1_50' title='bbox 281 606 339 654; x_wconf 73' lang='grc' dir='ltr'><em>ἂν</em></span> <span class='ocrx_word' id='word_1_51' title='bbox 368 612 473 666; x_wconf 86' lang='grc' dir='ltr'><em>περὶ</em></span> <span class='ocrx_word' id='word_1_52' title='bbox 503 611 581 654; x_wconf 81' lang='grc' dir='ltr'><em>τοῦ</em></span> <span class='ocrx_word' id='word_1_53' title='bbox 610 607 816 654; x_wconf 81' lang='grc' dir='ltr'><em>τοιούτου</em></span> <span class='ocrx_word' id='word_1_54' title='bbox 847 613 908 667; x_wconf 80' lang='grc' dir='ltr'><em>τῷ</em></span> <span class='ocrx_word' id='word_1_55' title='bbox 925 610 968 667; x_wconf 81' lang='grc'><em>’·’)</em></span> <span class='ocrx_word' id='word_1_56' title='bbox 1000 607 1288 668; x_wconf 70' lang='grc' dir='ltr'><em>διδασκάλῳ·</em></span> <span class='ocrx_word' id='word_1_57' title='bbox 1321 615 1504 658; x_wconf 85' lang='grc' dir='ltr'><em>συνετέ-</em></span> 
     </span>
     <span class='ocr_line' id='line_1_10' title="bbox 78 685 1501 745; baseline 0.004 -14"><span class='ocrx_word' id='word_1_58' title='bbox 78 688 269 745; x_wconf 80' lang='grc' dir='ltr'><em>λεσας3)</em></span> <span class='ocrx_word' id='word_1_59' title='bbox 314 685 468 743; x_wconf 80' lang='grc' dir='ltr'><em>τόνδε,</em></span> <span class='ocrx_word' id='word_1_60' title='bbox 525 690 603 731; x_wconf 88' lang='grc' dir='ltr'><em>καὶ</em></span> <span class='ocrx_word' id='word_1_61' title='bbox 648 687 730 731; x_wconf 86' lang='grc' dir='ltr'><em>οὐκ</em></span> <span class='ocrx_word' id='word_1_62' title='bbox 773 687 965 744; x_wconf 77' lang='grc' dir='ltr'><em>ἠθέλησε</em></span> <span class='ocrx_word' id='word_1_63' title='bbox 1009 690 1229 739; x_wconf 72' lang='grc' dir='ltr'><em>δέξασθαι</em></span> <span class='ocrx_word' id='word_1_64' title='bbox 1270 690 1501 736; x_wconf 81' lang='grc' dir='ltr'><em>παιδείαν.</em></span> 
     </span>
     <span class='ocr_line' id='line_1_11' title="bbox 73 756 1504 824; baseline 0.002 -15"><span class='ocrx_word' id='word_1_65' title='bbox 73 763 220 809; x_wconf 80' lang='grc' dir='ltr'><em>Ἐπάν</em></span> <span class='ocrx_word' id='word_1_66' title='bbox 266 756 348 808; x_wconf 72' lang='grc' dir='ltr'><em>οὖν</em></span> <span class='ocrx_word' id='word_1_67' title='bbox 391 763 447 808; x_wconf 76' lang='grc' dir='ltr'><em>τὰ</em></span> <span class='ocrx_word' id='word_1_68' title='bbox 492 763 582 808; x_wconf 74' lang='grc' dir='ltr'><em>ἀπὸ</em></span> <span class='ocrx_word' id='word_1_69' title='bbox 625 768 701 819; x_wconf 84' lang='grc' dir='ltr'><em>τῆς</em></span> <span class='ocrx_word' id='word_1_70' title='bbox 738 768 958 824; x_wconf 86' lang='grc' dir='ltr'><em>προνοίας</em></span> <span class='ocrx_word' id='word_1_71' title='bbox 993 769 1206 821; x_wconf 88' lang='grc' dir='ltr'><em>γίγνηται</em></span> <span class='ocrx_word' id='word_1_72' title='bbox 1248 765 1401 812; x_wconf 72' lang='grc' dir='ltr'><em>πάντα</em></span> <span class='ocrx_word' id='word_1_73' title='bbox 1441 770 1504 819; x_wconf 78' lang='grc' dir='ltr'><em>εἷς</em></span> 
     </span>
     <span class='ocr_line' id='line_1_12' title="bbox 74 840 1504 902; baseline 0.003 -16"><span class='ocrx_word' id='word_1_74' title='bbox 74 840 218 901; x_wconf 82' lang='grc' dir='ltr'><em>ἡμᾶς,</em></span> <span class='ocrx_word' id='word_1_75' title='bbox 256 845 333 887; x_wconf 76' lang='grc' dir='ltr'><em>ἵνα</em></span> <span class='ocrx_word' id='word_1_76' title='bbox 363 845 760 900; x_wconf 77' lang='grc' dir='ltr'><em>συντελεσθῶμεν,</em></span> <span class='ocrx_word' id='word_1_77' title='bbox 803 844 880 886; x_wconf 84' lang='grc' dir='ltr'><em>καὶ</em></span> <span class='ocrx_word' id='word_1_78' title='bbox 910 845 1248 899; x_wconf 80' lang='grc' dir='ltr'><em>τελειωθῶμεν,</em></span> <span class='ocrx_word' id='word_1_79' title='bbox 1292 842 1422 902; x_wconf 84' lang='grc' dir='ltr'><em>ἡμεῖς</em></span> <span class='ocrx_word' id='word_1_80' title='bbox 1451 846 1504 891; x_wconf 84' lang='grc' dir='ltr'><em>δὲ</em></span> 
     </span>
     <span class='ocr_line' id='line_1_13' title="bbox 73 915 1502 977; baseline 0.002 -14"><span class='ocrx_word' id='word_1_81' title='bbox 73 917 137 977; x_wconf 92' lang='grc' dir='ltr'><em>μὴ</em></span> <span class='ocrx_word' id='word_1_82' title='bbox 165 915 538 977; x_wconf 75' lang='grc' dir='ltr'><em>παραδεχώμεθα</em></span> <span class='ocrx_word' id='word_1_83' title='bbox 575 917 631 963; x_wconf 74' lang='grc' dir='ltr'><em>τὰ</em></span> <span class='ocrx_word' id='word_1_84' title='bbox 662 923 736 975; x_wconf 85' lang='grc' dir='ltr'><em>τῆς</em></span> <span class='ocrx_word' id='word_1_85' title='bbox 764 923 988 976; x_wconf 87' lang='grc' dir='ltr'><em>προνοίας</em></span> <span class='ocrx_word' id='word_1_86' title='bbox 1025 923 1102 975; x_wconf 83' lang='grc' dir='ltr'><em>τῆς</em></span> <span class='ocrx_word' id='word_1_87' title='bbox 1133 921 1209 963; x_wconf 75' lang='grc' dir='ltr'><em>ἐπὶ</em></span> <span class='ocrx_word' id='word_1_88' title='bbox 1250 918 1502 977; x_wconf 78' lang='grc' dir='ltr'><em>τελειότητα</em></span> 
     </span>
     <span class='ocr_line' id='line_1_14' title="bbox 73 993 1501 1057; baseline 0.003 -17"><span class='ocrx_word' id='word_1_89' title='bbox 73 994 193 1056; x_wconf 76' lang='grc' dir='ltr'><em>ἡμᾶς</em></span> <span class='ocrx_word' id='word_1_90' title='bbox 222 995 458 1052; x_wconf 78' lang='grc' dir='ltr'><em>ἑλκούσης,</em></span> <span class='ocrx_word' id='word_1_91' title='bbox 500 999 679 1057; x_wconf 75' lang='grc' dir='ltr'><em>λεχθείη</em></span> <span class='ocrx_word' id='word_1_92' title='bbox 717 993 778 1040; x_wconf 74' lang='grc' dir='ltr'><em>ἄν</em></span> <span class='ocrx_word' id='word_1_93' title='bbox 808 994 900 1041; x_wconf 81' lang='grc' dir='ltr'><em>ὑπὸ</em></span> <span class='ocrx_word' id='word_1_94' title='bbox 932 999 1010 1042; x_wconf 84' lang='grc' dir='ltr'><em>τοῦ</em></span> <span class='ocrx_word' id='word_1_95' title='bbox 1045 1000 1256 1047; x_wconf 83' lang='grc' dir='ltr'><em>νοοῦντος</em></span> <span class='ocrx_word' id='word_1_96' title='bbox 1286 1000 1348 1056; x_wconf 79' lang='grc' dir='ltr'><em>τῷ</em></span> <span class='ocrx_word' id='word_1_97' title='bbox 1379 1001 1501 1056; x_wconf 79' lang='grc' dir='ltr'><em>θεῷ·</em></span> 
     </span>
     <span class='ocr_line' id='line_1_15' title="bbox 75 1070 1502 1134; baseline 0.004 -18"><span class='ocrx_word' id='word_1_98' title='bbox 75 1070 239 1134; x_wconf 83' lang='grc' dir='ltr'><em>,,κὺριε</em></span> <span class='ocrx_word' id='word_1_99' title='bbox 255 1073 322 1131; x_wconf 75' lang='lat'><em>4),</em></span> <span class='ocrx_word' id='word_1_100' title='bbox 357 1076 644 1123; x_wconf 81' lang='grc' dir='ltr'><em>συνετέλεσας</em></span> <span class='ocrx_word' id='word_1_101' title='bbox 675 1072 852 1130; x_wconf 72' lang='grc' dir='ltr'><em>αὐτοὺς,</em></span> <span class='ocrx_word' id='word_1_102' title='bbox 885 1077 962 1118; x_wconf 81' lang='grc' dir='ltr'><em>καὶ</em></span> <span class='ocrx_word' id='word_1_103' title='bbox 993 1074 1073 1119; x_wconf 84' lang='grc' dir='ltr'><em>οὐκ</em></span> <span class='ocrx_word' id='word_1_104' title='bbox 1102 1074 1334 1131; x_wconf 78' lang='grc' dir='ltr'><em>ἠθέλησαν</em></span> <span class='ocrx_word' id='word_1_105' title='bbox 1365 1076 1502 1126; x_wconf 78' lang='grc' dir='ltr'><em>δέξα-</em></span> 
     </span>
     <span class='ocr_line' id='line_1_16' title="bbox 76 1152 497 1197; baseline -0.002 -1"><span class='ocrx_word' id='word_1_106' title='bbox 76 1157 184 1196; x_wconf 75' lang='grc' dir='ltr'><em>σθαι</em></span> <span class='ocrx_word' id='word_1_107' title='bbox 217 1152 450 1197; x_wconf 88' lang='grc' dir='ltr'><em>παιδείαν.</em></span> <span class='ocrx_word' id='word_1_108' title='bbox 468 1152 497 1175; x_wconf 84' lang='grc'><strong>“</strong></span> 
     </span>
    </p>

    <p class='ocr_par' dir='ltr' id='par_1_4' title="bbox 187 1227 1542 1289">
     <span class='ocr_line' id='line_1_17' title="bbox 187 1227 1542 1289; baseline 0.001 -15"><span class='ocrx_word' id='word_1_109' title='bbox 187 1229 226 1274; x_wconf 83' lang='grc'><em>3.</em></span> <span class='ocrx_word' id='word_1_110' title='bbox 270 1229 666 1289; x_wconf 67' lang='grc' dir='ltr'><em>,,Ἐστερέωσαν5)</em></span> <span class='ocrx_word' id='word_1_111' title='bbox 706 1228 762 1272; x_wconf 63' lang='lat' dir='ltr'><em>‘ccc‘</em></span> <span class='ocrx_word' id='word_1_112' title='bbox 808 1227 1036 1287; x_wconf 88' lang='grc' dir='ltr'><em>πρόσωπα</em></span> <span class='ocrx_word' id='word_1_113' title='bbox 1074 1229 1225 1274; x_wconf 82' lang='grc' dir='ltr'><em>αὐτῶν</em></span> <span class='ocrx_word' id='word_1_114' title='bbox 1263 1228 1378 1288; x_wconf 83' lang='grc' dir='ltr'><em>ὑπὲρ</em></span> <span class='ocrx_word' id='word_1_115' title='bbox 1414 1232 1503 1276; x_wconf 85' lang='grc' dir='ltr'><em>πέ-</em></span> <span class='ocrx_word' id='word_1_116' title='bbox 1535 1270 1542 1280; x_wconf 85' lang='grc'><strong>.</strong></span> 
     </span>
    </p>
   </div>
   <div class='ocr_carea' id='block_1_4' title="bbox 211 1304 1504 1364">
    <p class='ocr_par' dir='ltr' id='par_1_5' title="bbox 211 1304 1504 1364">
     <span class='ocr_line' id='line_1_18' title="bbox 211 1304 1504 1364; baseline 0.002 -14"><span class='ocrx_word' id='word_1_117' title='bbox 211 1308 240 1331; x_wconf 81' lang='grc'><strong>“</strong></span> <span class='ocrx_word' id='word_1_118' title='bbox 315 1304 509 1362; x_wconf 83' lang='grc' dir='ltr'><em>Νοήσεις</em></span> <span class='ocrx_word' id='word_1_119' title='bbox 553 1309 633 1350; x_wconf 82' lang='grc' dir='ltr'><em>καὶ</em></span> <span class='ocrx_word' id='word_1_120' title='bbox 678 1309 808 1350; x_wconf 83' lang='grc' dir='ltr'><em>τοῦτο</em></span> <span class='ocrx_word' id='word_1_121' title='bbox 856 1304 949 1349; x_wconf 78' lang='grc' dir='ltr'><em>ἀπὸ</em></span> <span class='ocrx_word' id='word_1_122' title='bbox 989 1309 1079 1350; x_wconf 84' lang='grc' dir='ltr'><em>τῶν</em></span> <span class='ocrx_word' id='word_1_123' title='bbox 1118 1311 1504 1364; x_wconf 85' lang='grc' dir='ltr'><em>σωματικωτέρων</em></span> 
     </span>
    </p>
   </div>
   <div class='ocr_carea' id='block_1_5' title="bbox 73 1323 1506 2224">
    <p class='ocr_par' dir='ltr' id='par_1_6' title="bbox 73 1323 1506 2224">
     <span class='ocr_line' id='line_1_19' title="bbox 75 1323 203 1366; baseline 0.008 -15"><span class='ocrx_word' id='word_1_124' title='bbox 75 1323 203 1366; x_wconf 86' lang='grc' dir='ltr'><em>τραν.</em></span> 
     </span>
     <span class='ocr_line' id='line_1_20' title="bbox 76 1381 1503 1442; baseline 0 -14"><span class='ocrx_word' id='word_1_125' title='bbox 76 1386 167 1428; x_wconf 83' lang='grc' dir='ltr'><em>τῶν</em></span> <span class='ocrx_word' id='word_1_126' title='bbox 198 1381 574 1441; x_wconf 79' lang='grc' dir='ltr'><em>ἁμαρτανόντων.</em></span> <span class='ocrx_word' id='word_1_127' title='bbox 637 1386 692 1427; x_wconf 83' lang='grc' dir='ltr'><em>Οἱ</em></span> <span class='ocrx_word' id='word_1_128' title='bbox 721 1384 809 1442; x_wconf 82' lang='grc' dir='ltr'><em>μὲν</em></span> <span class='ocrx_word' id='word_1_129' title='bbox 838 1382 1081 1433; x_wconf 69' lang='grc' dir='ltr'><em>ἀκούοντες</em></span> <span class='ocrx_word' id='word_1_130' title='bbox 1110 1382 1275 1441; x_wconf 82' lang='grc' dir='ltr'><em>λόγους</em></span> <span class='ocrx_word' id='word_1_131' title='bbox 1300 1385 1503 1442; x_wconf 77' lang='grc' dir='ltr'><em>ἐλεγκτι-</em></span> 
     </span>
     <span class='ocr_line' id='line_1_21' title="bbox 78 1458 1506 1521; baseline 0.001 -16"><span class='ocrx_word' id='word_1_132' title='bbox 78 1458 210 1516; x_wconf 84' lang='grc' dir='ltr'><em>κούς,</em></span> <span class='ocrx_word' id='word_1_133' title='bbox 245 1461 321 1504; x_wconf 74' lang='grc' dir='ltr'><em>ἐπὶ</em></span> <span class='ocrx_word' id='word_1_134' title='bbox 352 1463 400 1521; x_wconf 79' lang='grc' dir='ltr'><em>τῇ</em></span> <span class='ocrx_word' id='word_1_135' title='bbox 432 1459 633 1518; x_wconf 73' lang='grc' dir='ltr'><em>ἁμαρτία</em></span> <span class='ocrx_word' id='word_1_136' title='bbox 663 1461 930 1520; x_wconf 74' lang='grc' dir='ltr'><em>ἐρυθριῶσι,</em></span> <span class='ocrx_word' id='word_1_137' title='bbox 962 1463 1038 1505; x_wconf 85' lang='grc' dir='ltr'><em>καὶ</em></span> <span class='ocrx_word' id='word_1_138' title='bbox 1068 1459 1395 1518; x_wconf 79' lang='grc' dir='ltr'><em>καταδύονται,</em></span> <span class='ocrx_word' id='word_1_139' title='bbox 1427 1464 1506 1508; x_wconf 85' lang='grc' dir='ltr'><em>καὶ</em></span> 
     </span>
     <span class='ocr_line' id='line_1_22' title="bbox 80 1535 1504 1597; baseline 0.001 -15"><span class='ocrx_word' id='word_1_140' title='bbox 80 1537 422 1584; x_wconf 83' lang='grc' dir='ltr'><em>ὑποπίπτουσιν</em></span> <span class='ocrx_word' id='word_1_141' title='bbox 453 1535 718 1594; x_wconf 74' lang='grc' dir='ltr'><em>ἁπτομένου</em></span> <span class='ocrx_word' id='word_1_142' title='bbox 747 1541 827 1582; x_wconf 85' lang='grc' dir='ltr'><em>τοῦ</em></span> <span class='ocrx_word' id='word_1_143' title='bbox 858 1535 998 1596; x_wconf 81' lang='grc' dir='ltr'><em>λόγου</em></span> <span class='ocrx_word' id='word_1_144' title='bbox 1020 1542 1100 1583; x_wconf 82' lang='grc' dir='ltr'><em>τοῦ</em></span> <span class='ocrx_word' id='word_1_145' title='bbox 1126 1540 1386 1597; x_wconf 73' lang='grc' dir='ltr'><em>ἐλεγκτικοῦ</em></span> <span class='ocrx_word' id='word_1_146' title='bbox 1417 1540 1504 1584; x_wconf 81' lang='grc' dir='ltr'><em>αὑ-</em></span> 
     </span>
     <span class='ocr_line' id='line_1_23' title="bbox 75 1614 1500 1675; baseline 0.001 -15"><span class='ocrx_word' id='word_1_147' title='bbox 75 1619 185 1660; x_wconf 78' lang='grc' dir='ltr'><em>τῶν·</em></span> <span class='ocrx_word' id='word_1_148' title='bbox 229 1617 271 1660; x_wconf 80' lang='grc' dir='ltr'><em>οἱ</em></span> <span class='ocrx_word' id='word_1_149' title='bbox 301 1615 352 1660; x_wconf 79' lang='grc' dir='ltr'><em>δὲ</em></span> <span class='ocrx_word' id='word_1_150' title='bbox 381 1618 581 1660; x_wconf 86' lang='grc' dir='ltr'><em>τοιοῦτοί</em></span> <span class='ocrx_word' id='word_1_151' title='bbox 609 1620 747 1671; x_wconf 77' lang='grc' dir='ltr'><em>εἰσιν,</em></span> <span class='ocrx_word' id='word_1_152' title='bbox 781 1614 894 1660; x_wconf 81' lang='grc' dir='ltr'><em>ὥστε</em></span> <span class='ocrx_word' id='word_1_153' title='bbox 925 1615 1088 1665; x_wconf 73' lang='grc' dir='ltr'><em>αὐτοὺς</em></span> <span class='ocrx_word' id='word_1_154' title='bbox 1116 1615 1500 1675; x_wconf 76' lang='grc' dir='ltr'><em>ἆνερυθριάστους</em></span> 
     </span>
     <span class='ocr_line' id='line_1_24' title="bbox 76 1689 1502 1754; baseline 0 -15"><span class='ocrx_word' id='word_1_155' title='bbox 76 1689 209 1750; x_wconf 81' lang='grc' dir='ltr'><em>εἶναι,</em></span> <span class='ocrx_word' id='word_1_156' title='bbox 240 1691 303 1751; x_wconf 87' lang='grc' dir='ltr'><em>μὴ</em></span> <span class='ocrx_word' id='word_1_157' title='bbox 336 1694 636 1750; x_wconf 79' lang='grc' dir='ltr'><em>αἰδουμένους</em></span> <span class='ocrx_word' id='word_1_158' title='bbox 667 1693 736 1753; x_wconf 73' lang='grc' dir='ltr'><em>ἐφ’</em></span> <span class='ocrx_word' id='word_1_159' title='bbox 758 1689 823 1744; x_wconf 83' lang='grc' dir='ltr'><em>οἷς</em></span> <span class='ocrx_word' id='word_1_160' title='bbox 854 1694 1131 1752; x_wconf 73' lang='grc' dir='ltr'><em>ἐλέγχονται,</em></span> <span class='ocrx_word' id='word_1_161' title='bbox 1164 1695 1234 1753; x_wconf 74' lang='grc' dir='ltr'><em>ἐφ’</em></span> <span class='ocrx_word' id='word_1_162' title='bbox 1257 1690 1322 1745; x_wconf 82' lang='grc' dir='ltr'><em>οἷς</em></span> <span class='ocrx_word' id='word_1_163' title='bbox 1349 1693 1502 1754; x_wconf 81' lang='grc' dir='ltr'><em>ἡμαρ-</em></span> 
     </span>
     <span class='ocr_line' id='line_1_25' title="bbox 75 1763 1499 1827; baseline 0 -11"><span class='ocrx_word' id='word_1_164' title='bbox 75 1769 277 1827; x_wconf 84' lang='grc' dir='ltr'><em>τήκασιν.</em></span> <span class='ocrx_word' id='word_1_165' title='bbox 316 1774 480 1820; x_wconf 84' lang='grc' dir='ltr'><em>Εἴποις</em></span> <span class='ocrx_word' id='word_1_166' title='bbox 510 1767 568 1815; x_wconf 75' lang='grc' dir='ltr'><em>ἂν</em></span> <span class='ocrx_word' id='word_1_167' title='bbox 599 1763 684 1815; x_wconf 77' lang='grc' dir='ltr'><em>οὖν</em></span> <span class='ocrx_word' id='word_1_168' title='bbox 711 1773 817 1827; x_wconf 87' lang='grc' dir='ltr'><em>περὶ</em></span> <span class='ocrx_word' id='word_1_169' title='bbox 845 1769 1032 1827; x_wconf 85' lang='grc' dir='ltr'><em>τούτων,</em></span> <span class='ocrx_word' id='word_1_170' title='bbox 1068 1774 1111 1816; x_wconf 82' lang='grc' dir='ltr'><em>οἳ</em></span> <span class='ocrx_word' id='word_1_171' title='bbox 1134 1771 1216 1817; x_wconf 79' lang='grc' dir='ltr'><em>οὐκ</em></span> <span class='ocrx_word' id='word_1_172' title='bbox 1240 1775 1499 1818; x_wconf 79' lang='grc' dir='ltr'><em>αἰδοῦνται·</em></span> 
     </span>
     <span class='ocr_line' id='line_1_26' title="bbox 73 1846 1498 1911; baseline 0.001 -17"><span class='ocrx_word' id='word_1_173' title='bbox 73 1851 384 1911; x_wconf 77' lang='grc' dir='ltr'><em>,,ἕστερέωσαν</em></span> <span class='ocrx_word' id='word_1_174' title='bbox 401 1850 443 1906; x_wconf 77' lang='lat'><em>⁶)</em></span> <span class='ocrx_word' id='word_1_175' title='bbox 484 1848 538 1892; x_wconf 77' lang='grc' dir='ltr'><em>τὰ</em></span> <span class='ocrx_word' id='word_1_176' title='bbox 568 1846 796 1907; x_wconf 87' lang='grc' dir='ltr'><em>πρόσωπα</em></span> <span class='ocrx_word' id='word_1_177' title='bbox 827 1848 977 1893; x_wconf 86' lang='grc' dir='ltr'><em>αὐτῶν</em></span> <span class='ocrx_word' id='word_1_178' title='bbox 1007 1848 1124 1908; x_wconf 77' lang='grc' dir='ltr'><em>ὑπὲρ</em></span> <span class='ocrx_word' id='word_1_179' title='bbox 1155 1853 1377 1909; x_wconf 80' lang='grc' dir='ltr'><em>πέτραν.“</em></span> <span class='ocrx_word' id='word_1_180' title='bbox 1437 1854 1498 1896; x_wconf 79' lang='grc' dir='ltr'><em>Εἰ</em></span> 
     </span>
     <span class='ocr_line' id='line_1_27' title="bbox 76 1925 1498 1988; baseline 0.001 -15"><span class='ocrx_word' id='word_1_181' title='bbox 76 1925 294 1984; x_wconf 82' lang='grc' dir='ltr'><em>νενόηκας</em></span> <span class='ocrx_word' id='word_1_182' title='bbox 338 1928 414 1972; x_wconf 74' lang='grc' dir='ltr'><em>ἐπὶ</em></span> <span class='ocrx_word' id='word_1_183' title='bbox 461 1929 552 1971; x_wconf 85' lang='grc' dir='ltr'><em>τῶν</em></span> <span class='ocrx_word' id='word_1_184' title='bbox 596 1931 870 1985; x_wconf 83' lang='grc' dir='ltr'><em>σωματικῶν</em></span> <span class='ocrx_word' id='word_1_185' title='bbox 913 1926 1048 1983; x_wconf 85' lang='grc' dir='ltr'><em>αὐτὸ,</em></span> <span class='ocrx_word' id='word_1_186' title='bbox 1094 1926 1270 1986; x_wconf 78' lang='grc' dir='ltr'><em>μετάβα</em></span> <span class='ocrx_word' id='word_1_187' title='bbox 1313 1947 1396 1988; x_wconf 89' lang='grc' dir='ltr'><em>μοι</em></span> <span class='ocrx_word' id='word_1_188' title='bbox 1435 1932 1498 1988; x_wconf 78' lang='grc' dir='ltr'><em>τῷ</em></span> 
     </span>
     <span class='ocr_line' id='line_1_28' title="bbox 76 1998 1500 2066; baseline 0.001 -16"><span class='ocrx_word' id='word_1_189' title='bbox 76 2003 198 2063; x_wconf 86' lang='grc' dir='ltr'><em>λόγῳ</em></span> <span class='ocrx_word' id='word_1_190' title='bbox 224 2006 301 2050; x_wconf 72' lang='grc' dir='ltr'><em>ἐπὶ</em></span> <span class='ocrx_word' id='word_1_191' title='bbox 328 2003 468 2062; x_wconf 69' lang='grc' dir='ltr'><em>τὴνῚ)</em></span> <span class='ocrx_word' id='word_1_192' title='bbox 501 2003 668 2062; x_wconf 81' lang='grc' dir='ltr'><em>ψυχὴν,</em></span> <span class='ocrx_word' id='word_1_193' title='bbox 702 2002 869 2061; x_wconf 85' lang='grc' dir='ltr'><em>νοήσας</em></span> <span class='ocrx_word' id='word_1_194' title='bbox 897 2003 1166 2064; x_wconf 86' lang='grc' dir='ltr'><em>πρόσωπον,</em></span> <span class='ocrx_word' id='word_1_195' title='bbox 1201 2009 1306 2066; x_wconf 82' lang='grc' dir='ltr'><em>περὶ</em></span> <span class='ocrx_word' id='word_1_196' title='bbox 1337 1998 1390 2051; x_wconf 71' lang='grc' dir='ltr'><em>οὗ</em></span> <span class='ocrx_word' id='word_1_197' title='bbox 1422 2009 1500 2052; x_wconf 80' lang='grc' dir='ltr'><em>λέ·-</em></span> 
     </span>
     <span class='ocr_line' id='line_1_29' title="bbox 74 2072 1500 2145; baseline -0.001 -16"><span class='ocrx_word' id='word_1_198' title='bbox 74 2098 223 2142; x_wconf 85' lang='grc' dir='ltr'><em>γεται·</em></span> <span class='ocrx_word' id='word_1_199' title='bbox 272 2117 301 2140; x_wconf 91' lang='grc'><em>,,</em></span> <span class='ocrx_word' id='word_1_200' title='bbox 316 2080 415 2128; x_wconf 87' lang='grc' dir='ltr'><em>τότε</em></span> <span class='ocrx_word' id='word_1_201' title='bbox 431 2072 474 2138; x_wconf 71' lang='grc'><em>3)</em></span> <span class='ocrx_word' id='word_1_202' title='bbox 513 2083 562 2126; x_wconf 86' lang='grc' dir='ltr'><em>δὲ</em></span> <span class='ocrx_word' id='word_1_203' title='bbox 600 2080 855 2143; x_wconf 86' lang='grc' dir='ltr'><em>πρόσωπον</em></span> <span class='ocrx_word' id='word_1_204' title='bbox 891 2081 1006 2145; x_wconf 84' lang='grc' dir='ltr'><em>πρὸς</em></span> <span class='ocrx_word' id='word_1_205' title='bbox 1043 2081 1346 2143; x_wconf 78' lang='grc' dir='ltr'><em>πρόσωπον.“</em></span> <span class='ocrx_word' id='word_1_206' title='bbox 1404 2086 1500 2128; x_wconf 81' lang='grc' dir='ltr'><em>Καὶ</em></span> 
     </span>
     <span class='ocr_line' id='line_1_30' title="bbox 76 2155 1499 2224; baseline -0.001 -18"><span class='ocrx_word' id='word_1_207' title='bbox 76 2159 161 2221; x_wconf 81' lang='grc' dir='ltr'><em>ὅρα</em></span> <span class='ocrx_word' id='word_1_208' title='bbox 192 2159 347 2219; x_wconf 83' lang='grc' dir='ltr'><em>ψυχὴν</em></span> <span class='ocrx_word' id='word_1_209' title='bbox 376 2159 588 2219; x_wconf 80' lang='grc' dir='ltr'><em>στερεὰν,</em></span> <span class='ocrx_word' id='word_1_210' title='bbox 622 2159 761 2224; x_wconf 81' lang='grc' dir='ltr'><em>ὁποία</em></span> <span class='ocrx_word' id='word_1_211' title='bbox 791 2155 850 2217; x_wconf 79' lang='grc' dir='ltr'><em>ἦν</em></span> <span class='ocrx_word' id='word_1_212' title='bbox 877 2161 904 2218; x_wconf 82' lang='grc' dir='ltr'><em>ἡ</em></span> <span class='ocrx_word' id='word_1_213' title='bbox 936 2163 1102 2220; x_wconf 87' lang='grc' dir='ltr'><em>καρδία</em></span> <span class='ocrx_word' id='word_1_214' title='bbox 1132 2160 1304 2221; x_wconf 75' lang='grc' dir='ltr'><em>Φαραώ</em></span> <span class='ocrx_word' id='word_1_215' title='bbox 1335 2163 1499 2219; x_wconf 78' lang='grc' dir='ltr'><em>ἐσκλη-</em></span> 
     </span>
    </p>
   </div>
   <div class='ocr_carea' id='block_1_6' title="bbox 77 2315 1500 2546">
    <p class='ocr_par' dir='ltr' id='par_1_7' title="bbox 77 2315 1500 2429">
     <span class='ocr_line' id='line_1_31' title="bbox 197 2315 1500 2374; baseline 0.004 -18"><span class='ocrx_word' id='word_1_216' title='bbox 197 2315 236 2372; x_wconf 88' lang='lat'><em>¹)</em></span> <span class='ocrx_word' id='word_1_217' title='bbox 266 2316 318 2358; x_wconf 87' lang='lat' dir='ltr'><em>R.</em></span> <span class='ocrx_word' id='word_1_218' title='bbox 349 2315 392 2356; x_wconf 83' lang='lat' dir='ltr'><em>in</em></span> <span class='ocrx_word' id='word_1_219' title='bbox 429 2316 561 2358; x_wconf 82' lang='lat' dir='ltr'><strong>notis:</strong></span> <span class='ocrx_word' id='word_1_220' title='bbox 622 2317 766 2369; x_wconf 83' lang='lat' dir='ltr'><strong>„Cod.</strong></span> <span class='ocrx_word' id='word_1_221' title='bbox 806 2318 983 2360; x_wconf 86' lang='lat' dir='ltr'><strong>Scorial.</strong></span> <span class='ocrx_word' id='word_1_222' title='bbox 1024 2318 1197 2374; x_wconf 85' lang='lat' dir='ltr'><strong>(itemq.</strong></span> <span class='ocrx_word' id='word_1_223' title='bbox 1230 2318 1323 2360; x_wconf 84' lang='lat' dir='ltr'><strong>edd.</strong></span> <span class='ocrx_word' id='word_1_224' title='bbox 1362 2319 1415 2361; x_wconf 85' lang='lat' dir='ltr'><em>H.</em></span> <span class='ocrx_word' id='word_1_225' title='bbox 1455 2319 1500 2361; x_wconf 80' lang='lat' dir='ltr'><em>in</em></span> 
     </span>
     <span class='ocr_line' id='line_1_32' title="bbox 77 2371 605 2429; baseline 0.008 -16"><span class='ocrx_word' id='word_1_226' title='bbox 77 2371 234 2429; x_wconf 86' lang='lat' dir='ltr'>textu):</span> <span class='ocrx_word' id='word_1_227' title='bbox 281 2371 383 2428; x_wconf 78' lang='grc' dir='ltr'><em>παρ’</em></span> <span class='ocrx_word' id='word_1_228' title='bbox 419 2372 605 2417; x_wconf 84' lang='grc' dir='ltr'><em>αὐτόν.“</em></span> 
     </span>
    </p>

    <p class='ocr_par' dir='ltr' id='par_1_8' title="bbox 79 2443 1495 2546">
     <span class='ocr_line' id='line_1_33' title="bbox 194 2443 1495 2500; baseline 0.005 -17"><span class='ocrx_word' id='word_1_229' title='bbox 194 2443 237 2500; x_wconf 78' lang='lat'><em>²)</em></span> <span class='ocrx_word' id='word_1_230' title='bbox 269 2443 322 2484; x_wconf 91' lang='lat' dir='ltr'><em>H.</em></span> <span class='ocrx_word' id='word_1_231' title='bbox 369 2454 412 2483; x_wconf 86' lang='lat' dir='ltr'><em>et</em></span> <span class='ocrx_word' id='word_1_232' title='bbox 452 2443 503 2483; x_wconf 83' lang='lat' dir='ltr'><em>R.</em></span> <span class='ocrx_word' id='word_1_233' title='bbox 557 2443 601 2485; x_wconf 85' lang='lat' dir='ltr'><em>in</em></span> <span class='ocrx_word' id='word_1_234' title='bbox 655 2445 787 2486; x_wconf 82' lang='lat' dir='ltr'>notis:</span> <span class='ocrx_word' id='word_1_235' title='bbox 855 2445 1057 2497; x_wconf 84' lang='lat' dir='ltr'>„legebat</span> <span class='ocrx_word' id='word_1_236' title='bbox 1109 2445 1356 2488; x_wconf 88' lang='lat' dir='ltr'>Corderius:</span> <span class='ocrx_word' id='word_1_237' title='bbox 1415 2447 1495 2491; x_wconf 78' lang='grc' dir='ltr'><em>τοῦ</em></span> 
     </span>
     <span class='ocr_line' id='line_1_34' title="bbox 79 2497 420 2546; baseline -0.015 0"><span class='ocrx_word' id='word_1_238' title='bbox 79 2497 373 2546; x_wconf 75' lang='grc' dir='ltr'><em>διδασκάλου.</em></span> <span class='ocrx_word' id='word_1_239' title='bbox 392 2501 420 2522; x_wconf 81' lang='lat'><em>“</em></span> 
     </span>
    </p>
   </div>
   <div class='ocr_carea' id='block_1_7' title="bbox 196 2568 1201 2699">
    <p class='ocr_par' dir='ltr' id='par_1_9' title="bbox 196 2568 1201 2699">
     <span class='ocr_line' id='line_1_35' title="bbox 196 2568 1201 2629; baseline 0.003 -17"><span class='ocrx_word' id='word_1_240' title='bbox 196 2570 240 2624; x_wconf 83' lang='lat'><em>³)</em></span> <span class='ocrx_word' id='word_1_241' title='bbox 272 2570 365 2612; x_wconf 83' lang='lat' dir='ltr'><strong>Cfr.&#39;</strong></span> <span class='ocrx_word' id='word_1_242' title='bbox 389 2568 546 2611; x_wconf 86' lang='lat' dir='ltr'><strong>Jerem.</strong></span> <span class='ocrx_word' id='word_1_243' title='bbox 579 2569 630 2620; x_wconf 79' lang='lat' dir='ltr'><em>V,</em></span> <span class='ocrx_word' id='word_1_244' title='bbox 662 2569 700 2614; x_wconf 88' lang='lat'><em>3.</em></span> <span class='ocrx_word' id='word_1_245' title='bbox 821 2571 861 2629; x_wconf 66' lang='lat'><em>²)</em></span> <span class='ocrx_word' id='word_1_246' title='bbox 893 2572 1048 2612; x_wconf 86' lang='lat' dir='ltr'><strong>Jerem.</strong></span> <span class='ocrx_word' id='word_1_247' title='bbox 1080 2571 1132 2622; x_wconf 94' lang='lat' dir='ltr'><em>V,</em></span> <span class='ocrx_word' id='word_1_248' title='bbox 1162 2572 1201 2615; x_wconf 85' lang='lat'><em>3.</em></span> 
     </span>
     <span class='ocr_line' id='line_1_36' title="bbox 199 2638 1200 2699; baseline 0.004 -19"><span class='ocrx_word' id='word_1_249' title='bbox 199 2640 240 2695; x_wconf 89' lang='lat'><em>⁵)</em></span> <span class='ocrx_word' id='word_1_250' title='bbox 270 2639 424 2680; x_wconf 84' lang='lat' dir='ltr'><strong>Jerem.</strong></span> <span class='ocrx_word' id='word_1_251' title='bbox 456 2639 506 2689; x_wconf 89' lang='lat' dir='ltr'><em>V,</em></span> <span class='ocrx_word' id='word_1_252' title='bbox 538 2638 576 2682; x_wconf 86' lang='lat'><em>3.</em></span> <span class='ocrx_word' id='word_1_253' title='bbox 821 2643 862 2699; x_wconf 72' lang='lat'><em>⁶)</em></span> <span class='ocrx_word' id='word_1_254' title='bbox 893 2641 1048 2684; x_wconf 84' lang='lat' dir='ltr'><strong>Jerem.</strong></span> <span class='ocrx_word' id='word_1_255' title='bbox 1079 2643 1131 2693; x_wconf 89' lang='lat' dir='ltr'><em>V,</em></span> <span class='ocrx_word' id='word_1_256' title='bbox 1162 2641 1200 2686; x_wconf 87' lang='lat'><em>3.</em></span> 
     </span>
    </p>
   </div>
   <div class='ocr_carea' id='block_1_8' title="bbox 199 2709 1500 2835">
    <p class='ocr_par' dir='ltr' id='par_1_10' title="bbox 199 2709 1500 2835">
     <span class='ocr_line' id='line_1_37' title="bbox 199 2709 1500 2769; baseline 0.003 -18"><span class='ocrx_word' id='word_1_257' title='bbox 199 2710 239 2765; x_wconf 88' lang='lat'><em>⁷)</em></span> <span class='ocrx_word' id='word_1_258' title='bbox 270 2710 323 2751; x_wconf 91' lang='lat' dir='ltr'><em>H.</em></span> <span class='ocrx_word' id='word_1_259' title='bbox 336 2711 387 2751; x_wconf 84' lang='lat' dir='ltr'><em>ad</em></span> <span class='ocrx_word' id='word_1_260' title='bbox 402 2709 658 2762; x_wconf 82' lang='lat' dir='ltr'><strong>marg.,R.in</strong></span> <span class='ocrx_word' id='word_1_261' title='bbox 671 2710 802 2754; x_wconf 73' lang='lat' dir='ltr'><strong>notis:</strong></span> <span class='ocrx_word' id='word_1_262' title='bbox 821 2712 1201 2763; x_wconf 78' lang='lat' dir='ltr'>„Cod.Vaticanus:</span> <span class='ocrx_word' id='word_1_263' title='bbox 1221 2715 1293 2766; x_wconf 75' lang='grc' dir='ltr'><em>τῆς</em></span> <span class='ocrx_word' id='word_1_264' title='bbox 1313 2714 1500 2769; x_wconf 83' lang='grc' dir='ltr'><em>ψυχῆς.“</em></span> 
     </span>
     <span class='ocr_line' id='line_1_38' title="bbox 200 2778 675 2835; baseline -0.002 -15"><span class='ocrx_word' id='word_1_265' title='bbox 200 2780 243 2835; x_wconf 74' lang='grc'><em>8)</em></span> <span class='ocrx_word' id='word_1_266' title='bbox 277 2781 296 2820; x_wconf 89' lang='grc' dir='ltr'>Ι</span> <span class='ocrx_word' id='word_1_267' title='bbox 320 2779 417 2823; x_wconf 85' lang='lat' dir='ltr'><strong>Cor.</strong></span> <span class='ocrx_word' id='word_1_268' title='bbox 448 2780 577 2830; x_wconf 78' lang='lat' dir='ltr'>XIII,</span> <span class='ocrx_word' id='word_1_269' title='bbox 611 2778 675 2824; x_wconf 81' lang='lat'><em>12.</em></span> 
     </span>
    </p>
   </div>
  </div>
 </body>
</html>
