1713 3083
454 659 1231 719 MONITUM

275 822 382 869 AD
449 822 898 872 ORIGENIS
956 821 1417 872 HomlhlAs

501 966 598 1026 IN
672 967 1188 1029 JEREMIAM.

146 1216 413 1300 Jeremiam
444 1271 500 1300 an
540 1257 672 1302 aliter
715 1260 984 1318 exposuerit
1022 1260 1268 1316 Origenes,
1317 1268 1451 1312 quam
1482 1255 1564 1297 ho‘

147 1341 309 1395 mssiis,
353 1341 574 1386 incertum
616 1348 696 1387 est.
777 1344 1086 1387 Cassiodorus
1135 1343 1211 1385 lib.
1250 1340 1391 1384 instit.
1432 1339 1563 1382 divin,

149 1440 249 1484 cap.
281 1429 358 1469 ΙΙΙ.
391 1427 605 1470 homilias
622 1429 690 1471 45.
722 1433 969 1480 enumerat,
1002 1440 1118 1484 quae
1148 1427 1293 1470 adhuc
1326 1426 1568 1468 exstabant

148 1510 328 1554 Rabani
353 1510 505 1553 Mauri
533 1512 832 1568 temporibus,
865 1513 932 1555 uti
964 1512 1179 1555 discimus
1210 1524 1268 1554 ex
1299 1511 1394 1567 ejus
1424 1509 1569 1567 praef.

151 1593 197 1636 in
226 1594 485 1637 Jeremiam.
545 1595 828 1640 Tricesimae
864 1609 1012 1640 nonae
1051 1596 1352 1653 fragmentum
1384 1593 1571 1637 exhibet

151 1678 420 1724 Philocalia.
478 1679 838 1733 Quatuordecim
876 1680 1066 1724 confuso
1105 1680 1266 1724 ordine
1294 1679 1434 1723 latine
1465 1693 1492 1722 a
1523 1692 1572 1721 se

151 1777 309 1807 versas
341 1763 503 1817 fuisse,
543 1768 738 1808 testatur
766 1765 1074 1822 Hieronymus
1103 1765 1247 1822 praef.
1277 1764 1322 1807 in
1353 1762 1573 1806 Ezechie-

152 1847 255 1903 lem,
282 1861 429 1904 neque
457 1848 614 1906 plures
645 1849 701 1893 ab
735 1863 790 1892 eo
822 1850 963 1894 latine
991 1850 1195 1893 redditas
1224 1849 1397 1892 vidisse
1426 1861 1475 1891 se
1507 1853 1573 1890 te-

154 1937 300 1977 statur
338 1933 645 1977 Cassiodorus
684 1933 792 1978 loco
841 1934 1173 1992 supra-citam.
1247 1932 1572 1976 Novemdecim

156 2019 315 2062 deinde
354 2031 518 2075 graece
557 2020 603 2063 in
644 2019 817 2064 Codice
854 2019 1136 2063 Scorialensi
1173 2018 1367 2077 reperit,
1407 2029 1574 2073 easque

104 2098 106 2100 ’
157 2115 320 2160 graece
350 2104 564 2160 adjuncta
599 2104 979 2162 interpretatione
1017 2117 1099 2148 sua
1127 2104 1268 2148 latina
1298 2101 1573 2159 Antverpiae

159 2201 274 2232 anno
304 2188 427 2233 1548.
459 2188 600 2234 edidit
629 2189 878 2233 Corderius
910 2191 993 2233 sub
1023 2188 1208 2233 nomine
1238 2188 1384 2232 sancti
1414 2185 1578 2244 Cyrilli

161 2273 468 2329 Alexandrini,
498 2275 572 2317 cui
599 2274 646 2317 in
678 2274 850 2318 Codice
879 2273 1196 2332 Manuscripto
1229 2273 1484 2329 adscriptas
1513 2270 1579 2314 vi-

164 2357 304 2412 derat,
334 2359 415 2402 sed
445 2358 630 2402 Codicis
671 2359 726 2402 de
758 2359 960 2403 auctoris
990 2358 1174 2402 nomine
1205 2370 1412 2401 errorem
1442 2355 1578 2399 facile

166 2441 334 2485 detexit
368 2443 582 2497 Huetius,
631 2448 726 2488 tum
770 2457 829 2487 ex
867 2457 948 2497 eo,
995 2445 1117 2500 quod
1156 2442 1398 2487 duodecim
1423 2441 1521 2496 jam
1552 2452 1580 2482 a

165 2525 302 2569 beato
332 2525 617 2581 Hieronymo
659 2528 801 2572 latine
835 2529 1037 2572 redditas
1067 2527 1207 2572 fuisse
1238 2526 1454 2578 advertit,
1484 2530 1580 2568 tum

168 2611 290 2668 quod
323 2611 441 2654 aliae
470 2617 644 2669 septem
674 2626 838 2669 graece
868 2616 1004 2658 etiam
1047 2614 1093 2657 in
1140 2613 1313 2656 Codice
1343 2610 1582 2661 Vaticano,

168 2697 248 2740 ubi
280 2695 468 2752 Origeni
498 2697 827 2753 adscribuntur,
856 2704 1070 2758 repertae
1099 2698 1277 2741 fuerant
1306 2710 1332 2739 a
1357 2694 1583 2737 Michaele

172 2781 424 2835 Ghislerio,
467 2781 543 2838 qui
582 2795 658 2825 eas
697 2797 805 2827 suae
842 2785 888 2827 in
925 2785 1171 2827 Jercmiam
1202 2787 1389 2825 catenae
1420 2792 1583 2836 graece

173 2881 226 2912 ac
255 2867 394 2911 latine
424 2867 626 2911 inseruit.
686 2870 721 2912 E
754 2870 1120 2925 quatuordecim,
1166 2880 1276 2925 quas
1315 2866 1586 2922 interpreta-
