<?xml version="1.0" encoding="UTF-8"?>
<!DOCTYPE html PUBLIC "-//W3C//DTD XHTML 1.0 Transitional//EN"
    "http://www.w3.org/TR/xhtml1/DTD/xhtml1-transitional.dtd">
<html xmlns="http://www.w3.org/1999/xhtml" xml:lang="en" lang="en">
 <head>
  <title>
</title>
<meta http-equiv="Content-Type" content="text/html;charset=utf-8" />
  <meta name='ocr-system' content='tesseract 3.04.00' />
  <meta name='ocr-capabilities' content='ocr_page ocr_carea ocr_par ocr_line ocrx_word'/>
</head>
<body>
  <div class='ocr_page' id='page_1' title='image "./operaomniaquaegr15orig/operaomniaquaegr15orig_0270.png"; bbox 0 0 1763 3112; ppageno 0'>
   <div class='ocr_carea' id='block_1_1' title="bbox 236 59 1216 106">
    <p class='ocr_par' dir='ltr' id='par_1_1' title="bbox 236 59 1216 106">
     <span class='ocr_line' id='line_1_1' title="bbox 236 59 1216 106; baseline -0.006 0"><span class='ocrx_word' id='word_1_1' title='bbox 236 62 318 106; x_wconf 82' lang='lat'><em>256</em></span> <span class='ocrx_word' id='word_1_2' title='bbox 654 59 873 101; x_wconf 74' lang='lat' dir='ltr'>Offlssssms</span> <span class='ocrx_word' id='word_1_3' title='bbox 904 72 947 99; x_wconf 76' lang='lat' dir='ltr'>m</span> <span class='ocrx_word' id='word_1_4' title='bbox 977 59 1216 101; x_wconf 75' lang='lat' dir='ltr'><strong>JEREMIAM</strong></span> 
     </span>
    </p>
   </div>
   <div class='ocr_carea' id='block_1_2' title="bbox 569 249 1290 312">
    <p class='ocr_par' dir='ltr' id='par_1_2' title="bbox 569 249 1290 312">
     <span class='ocr_line' id='line_1_2' title="bbox 569 249 1290 312; baseline -0.008 -13"><span class='ocrx_word' id='word_1_5' title='bbox 569 254 748 312; x_wconf 89' lang='grc' dir='ltr'><em>Ὁμιλία</em></span> <span class='ocrx_word' id='word_1_6' title='bbox 778 268 1047 312; x_wconf 86' lang='grc' dir='ltr'><em>τεσσαρακαι</em></span> <span class='ocrx_word' id='word_1_7' title='bbox 1054 249 1231 306; x_wconf 76' lang='grc' dir='ltr'><em>δεκάτη.</em></span> <span class='ocrx_word' id='word_1_8' title='bbox 1251 252 1290 306; x_wconf 91' lang='lat'><em>¹)</em></span> 
     </span>
    </p>
   </div>
   <div class='ocr_carea' id='block_1_3' title="bbox 286 361 1585 572">
    <p class='ocr_par' dir='ltr' id='par_1_3' title="bbox 286 361 1585 572">
     <span class='ocr_line' id='line_1_3' title="bbox 286 361 1585 423; baseline -0.004 -10"><span class='ocrx_word' id='word_1_9' title='bbox 286 371 369 418; x_wconf 77' lang='grc' dir='ltr'><em>Εἰς</em></span> <span class='ocrx_word' id='word_1_10' title='bbox 397 366 471 412; x_wconf 88' lang='grc' dir='ltr'><em>τό·</em></span> <span class='ocrx_word' id='word_1_11' title='bbox 507 366 722 423; x_wconf 64' lang='grc' dir='ltr'><em>,,οἶ’μοι2)</em></span> <span class='ocrx_word' id='word_1_12' title='bbox 755 364 842 422; x_wconf 74' lang='grc' dir='ltr'><em>ἐγώ</em></span> <span class='ocrx_word' id='word_1_13' title='bbox 873 361 1086 421; x_wconf 78' lang='grc' dir='ltr'><em>μήτηρ·“</em></span> <span class='ocrx_word' id='word_1_14' title='bbox 1118 366 1253 422; x_wconf 77' lang='grc' dir='ltr'><em>μέχρι</em></span> <span class='ocrx_word' id='word_1_15' title='bbox 1283 367 1386 408; x_wconf 87' lang='grc' dir='ltr'><em>τοῦ·</em></span> <span class='ocrx_word' id='word_1_16' title='bbox 1418 364 1585 421; x_wconf 71' lang='grc' dir='ltr'><em>,,ό“ιι“ι3)</em></span> 
     </span>
     <span class='ocr_line' id='line_1_4' title="bbox 343 439 1529 502; baseline -0.007 -11"><span class='ocrx_word' id='word_1_17' title='bbox 343 448 474 490; x_wconf 88' lang='grc' dir='ltr'><em>τοῦτο</em></span> <span class='ocrx_word' id='word_1_18' title='bbox 504 442 614 488; x_wconf 77' lang='grc' dir='ltr'><em>τάδε</em></span> <span class='ocrx_word' id='word_1_19' title='bbox 643 446 763 498; x_wconf 77' lang='grc' dir='ltr'><em>λέγει</em></span> <span class='ocrx_word' id='word_1_20' title='bbox 793 439 965 498; x_wconf 83' lang='grc' dir='ltr'><em>κύριος’</em></span> <span class='ocrx_word' id='word_1_21' title='bbox 1007 439 1088 484; x_wconf 70' lang='grc' dir='ltr'><em>ἐὰν</em></span> <span class='ocrx_word' id='word_1_22' title='bbox 1119 441 1419 502; x_wconf 71' lang='grc' dir='ltr'><em>ἐπιστραφῇς,</em></span> <span class='ocrx_word' id='word_1_23' title='bbox 1453 444 1529 485; x_wconf 86' lang='grc' dir='ltr'><em>καὶ</em></span> 
     </span>
     <span class='ocr_line' id='line_1_5' title="bbox 691 515 1182 572; baseline 0.004 -13"><span class='ocrx_word' id='word_1_24' title='bbox 691 515 1047 572; x_wconf 78' lang='grc' dir='ltr'><em>ἀποκαταστήσω</em></span> <span class='ocrx_word' id='word_1_25' title='bbox 1081 519 1182 562; x_wconf 83' lang='grc' dir='ltr'><em>σε.“</em></span> 
     </span>
    </p>
   </div>
   <div class='ocr_carea' id='block_1_4' title="bbox 215 629 1641 2153">
    <p class='ocr_par' dir='ltr' id='par_1_4' title="bbox 215 629 1641 2153">
     <span class='ocr_line' id='line_1_6' title="bbox 341 629 1640 688; baseline -0.002 -11"><span class='ocrx_word' id='word_1_26' title='bbox 341 635 380 677; x_wconf 86' lang='grc'><em>1.</em></span> <span class='ocrx_word' id='word_1_27' title='bbox 413 635 467 677; x_wconf 81' lang='grc' dir='ltr'><em>Οἱ</em></span> <span class='ocrx_word' id='word_1_28' title='bbox 505 633 653 688; x_wconf 81' lang='grc' dir='ltr'><em>ἰατροὶ</em></span> <span class='ocrx_word' id='word_1_29' title='bbox 689 633 779 673; x_wconf 82' lang='grc' dir='ltr'><em>τῶν</em></span> <span class='ocrx_word' id='word_1_30' title='bbox 817 629 1042 688; x_wconf 82' lang='grc' dir='ltr'><em>σωμάτων</em></span> <span class='ocrx_word' id='word_1_31' title='bbox 1079 629 1205 688; x_wconf 83' lang='grc' dir='ltr'><em>παρὰ</em></span> <span class='ocrx_word' id='word_1_32' title='bbox 1243 629 1345 680; x_wconf 85' lang='grc' dir='ltr'><em>τοὺς</em></span> <span class='ocrx_word' id='word_1_33' title='bbox 1382 630 1640 688; x_wconf 82' lang='grc' dir='ltr'><em>κάμνοντας</em></span> 
     </span>
     <span class='ocr_line' id='line_1_7' title="bbox 227 698 1640 771; baseline -0.002 -14"><span class='ocrx_word' id='word_1_34' title='bbox 227 698 479 771; x_wconf 81' lang='grc' dir='ltr'><em>γινόμενοι,</em></span> <span class='ocrx_word' id='word_1_35' title='bbox 511 712 587 752; x_wconf 87' lang='grc' dir='ltr'><em>καὶ</em></span> <span class='ocrx_word' id='word_1_36' title='bbox 614 707 688 752; x_wconf 71' lang='grc' dir='ltr'><em>ἀεὶ</em></span> <span class='ocrx_word' id='word_1_37' title='bbox 717 710 768 762; x_wconf 84' lang='grc' dir='ltr'><em>τῆ</em></span> <span class='ocrx_word' id='word_1_38' title='bbox 798 712 1020 764; x_wconf 75' lang='grc' dir='ltr'><em>θεραπείᾳ</em></span> <span class='ocrx_word' id='word_1_39' title='bbox 1050 710 1140 751; x_wconf 84' lang='grc' dir='ltr'><em>τῶν</em></span> <span class='ocrx_word' id='word_1_40' title='bbox 1161 705 1431 764; x_wconf 81' lang='grc' dir='ltr'><em>καμνόντων</em></span> <span class='ocrx_word' id='word_1_41' title='bbox 1455 708 1640 759; x_wconf 78' lang='grc' dir='ltr'><em>ἑαυτοὺς</em></span> 
     </span>
     <span class='ocr_line' id='line_1_8' title="bbox 229 782 1637 843; baseline -0.004 -9"><span class='ocrx_word' id='word_1_42' title='bbox 229 786 527 841; x_wconf 72' lang='grc' dir='ltr'><em>ἐπιδιδόντες,</em></span> <span class='ocrx_word' id='word_1_43' title='bbox 570 783 683 828; x_wconf 80' lang='grc' dir='ltr'><em>κατὰ</em></span> <span class='ocrx_word' id='word_1_44' title='bbox 714 783 762 828; x_wconf 88' lang='grc' dir='ltr'><em>τὸ</em></span> <span class='ocrx_word' id='word_1_45' title='bbox 792 782 1000 839; x_wconf 81' lang='grc' dir='ltr'><em>βούλημα</em></span> <span class='ocrx_word' id='word_1_46' title='bbox 1030 786 1106 838; x_wconf 79' lang='grc' dir='ltr'><em>τῆς</em></span> <span class='ocrx_word' id='word_1_47' title='bbox 1137 787 1291 841; x_wconf 71' lang='grc' dir='ltr'><em>τέχνης</em></span> <span class='ocrx_word' id='word_1_48' title='bbox 1319 789 1396 838; x_wconf 87' lang='grc' dir='ltr'><em>τῆς</em></span> <span class='ocrx_word' id='word_1_49' title='bbox 1425 789 1637 843; x_wconf 79' lang='grc' dir='ltr'><em>ἰατρικῆς,</em></span> 
     </span>
     <span class='ocr_line' id='line_1_9' title="bbox 226 859 1641 925; baseline -0.004 -14"><span class='ocrx_word' id='word_1_50' title='bbox 226 865 495 925; x_wconf 85' lang='grc' dir='ltr'><em>ὁρῶσίτινα,</em></span> <span class='ocrx_word' id='word_1_51' title='bbox 528 865 603 906; x_wconf 89' lang='grc' dir='ltr'><em>καὶ</em></span> <span class='ocrx_word' id='word_1_52' title='bbox 628 859 992 919; x_wconf 67' lang='grc' dir='ltr'><em>θιγγάνουσιν4)</em></span> <span class='ocrx_word' id='word_1_53' title='bbox 1023 860 1208 917; x_wconf 77' lang='grc' dir='ltr'><em>ἆηδιῶν,</em></span> <span class='ocrx_word' id='word_1_54' title='bbox 1227 862 1266 918; x_wconf 92' lang='lat'><em>⁵)</em></span> <span class='ocrx_word' id='word_1_55' title='bbox 1299 861 1365 905; x_wconf 71' lang='grc' dir='ltr'><em>ἐπ’</em></span> <span class='ocrx_word' id='word_1_56' title='bbox 1390 862 1641 920; x_wconf 77' lang='grc' dir='ltr'><em>ἀλλοτρίαις</em></span> 
     </span>
     <span class='ocr_line' id='line_1_10' title="bbox 227 937 1634 1000; baseline -0.001 -14"><span class='ocrx_word' id='word_1_57' title='bbox 227 947 487 1000; x_wconf 79' lang='grc' dir='ltr'><em>συμφοραῖς</em></span> <span class='ocrx_word' id='word_1_58' title='bbox 525 942 806 998; x_wconf 83' lang='grc' dir='ltr'><em>καρποῦνται</em></span> <span class='ocrx_word' id='word_1_59' title='bbox 844 940 964 989; x_wconf 77' lang='grc' dir='ltr'><em>ἰδίας</em></span> <span class='ocrx_word' id='word_1_60' title='bbox 1012 937 1184 996; x_wconf 77' lang='grc' dir='ltr'><em>λύπας,</em></span> <span class='ocrx_word' id='word_1_61' title='bbox 1224 940 1301 981; x_wconf 90' lang='grc' dir='ltr'><em>καὶ</em></span> <span class='ocrx_word' id='word_1_62' title='bbox 1337 939 1461 983; x_wconf 81' lang='grc' dir='ltr'><em>ἔστιν</em></span> <span class='ocrx_word' id='word_1_63' title='bbox 1498 939 1570 984; x_wconf 79' lang='grc' dir='ltr'><em>ἀεὶ</em></span> <span class='ocrx_word' id='word_1_64' title='bbox 1611 939 1634 984; x_wconf 85' lang='grc' dir='ltr'>ὁ</span> 
     </span>
     <span class='ocr_line' id='line_1_11' title="bbox 223 1014 1636 1077; baseline -0.002 -14"><span class='ocrx_word' id='word_1_65' title='bbox 223 1025 322 1077; x_wconf 83' lang='grc' dir='ltr'><em>βίος</em></span> <span class='ocrx_word' id='word_1_66' title='bbox 365 1017 513 1062; x_wconf 83' lang='grc' dir='ltr'><em>αὐτῶν</em></span> <span class='ocrx_word' id='word_1_67' title='bbox 555 1017 605 1061; x_wconf 71' lang='grc' dir='ltr'><em>ἓν</em></span> <span class='ocrx_word' id='word_1_68' title='bbox 651 1014 932 1075; x_wconf 77' lang='grc' dir='ltr'><em>περιστάσει·</em></span> <span class='ocrx_word' id='word_1_69' title='bbox 992 1015 1211 1059; x_wconf 72' lang='grc' dir='ltr'><em>οὐδέποτε</em></span> <span class='ocrx_word' id='word_1_70' title='bbox 1257 1014 1347 1072; x_wconf 78' lang='grc' dir='ltr'><em>γάρ</em></span> <span class='ocrx_word' id='word_1_71' title='bbox 1393 1020 1478 1061; x_wconf 78' lang='grc' dir='ltr'><em>εἶσι</em></span> <span class='ocrx_word' id='word_1_72' title='bbox 1522 1016 1636 1074; x_wconf 80' lang='grc' dir='ltr'><em>μετὰ</em></span> 
     </span>
     <span class='ocr_line' id='line_1_12' title="bbox 224 1091 1635 1153; baseline -0.002 -13"><span class='ocrx_word' id='word_1_73' title='bbox 224 1093 549 1153; x_wconf 79' lang='grc' dir='ltr'><em>ὑγιαινόντων,</em></span> <span class='ocrx_word' id='word_1_74' title='bbox 599 1093 688 1137; x_wconf 74' lang='grc' dir='ltr'><em>ἀλλ’</em></span> <span class='ocrx_word' id='word_1_75' title='bbox 733 1093 803 1138; x_wconf 80' lang='grc' dir='ltr'><em>ἀεὶ</em></span> <span class='ocrx_word' id='word_1_76' title='bbox 839 1091 950 1150; x_wconf 70' lang='grc' dir='ltr'><em>μετὰ</em></span> <span class='ocrx_word' id='word_1_77' title='bbox 991 1095 1081 1136; x_wconf 86' lang='grc' dir='ltr'><em>τῶν</em></span> <span class='ocrx_word' id='word_1_78' title='bbox 1118 1094 1491 1150; x_wconf 71' lang='grc' dir='ltr'><em>τριιυμιιτιῶν,6)</em></span> <span class='ocrx_word' id='word_1_79' title='bbox 1520 1093 1635 1150; x_wconf 77' lang='grc' dir='ltr'><em>μετὰ</em></span> 
     </span>
     <span class='ocr_line' id='line_1_13' title="bbox 223 1167 1634 1228; baseline -0.001 -12"><span class='ocrx_word' id='word_1_80' title='bbox 223 1175 315 1217; x_wconf 83' lang='grc' dir='ltr'><em>τῶν</em></span> <span class='ocrx_word' id='word_1_81' title='bbox 350 1169 494 1228; x_wconf 80' lang='grc' dir='ltr'><em>νομὰς</em></span> <span class='ocrx_word' id='word_1_82' title='bbox 532 1170 757 1227; x_wconf 69' lang='grc' dir='ltr'><em>ἐχόντων,</em></span> <span class='ocrx_word' id='word_1_83' title='bbox 797 1167 912 1227; x_wconf 76' lang='grc' dir='ltr'><em>μετὰ</em></span> <span class='ocrx_word' id='word_1_84' title='bbox 951 1172 1041 1212; x_wconf 83' lang='grc' dir='ltr'><em>τῶν</em></span> <span class='ocrx_word' id='word_1_85' title='bbox 1079 1172 1452 1228; x_wconf 77' lang='grc' dir='ltr'><em>πεπληρωμένων</em></span> <span class='ocrx_word' id='word_1_86' title='bbox 1487 1169 1634 1226; x_wconf 82' lang='grc' dir='ltr'><em>πύων,</em></span> 
     </span>
     <span class='ocr_line' id='line_1_14' title="bbox 223 1243 1636 1306; baseline -0.002 -13"><span class='ocrx_word' id='word_1_87' title='bbox 223 1251 446 1306; x_wconf 85' lang='grc' dir='ltr'><em>πυρετῶν,</em></span> <span class='ocrx_word' id='word_1_88' title='bbox 477 1245 628 1291; x_wconf 89' lang='grc' dir='ltr'><em>νόσων</em></span> <span class='ocrx_word' id='word_1_89' title='bbox 657 1249 892 1291; x_wconf 79' lang='grc' dir='ltr'><em>ποικίλων.</em></span> <span class='ocrx_word' id='word_1_90' title='bbox 952 1249 1046 1288; x_wconf 86' lang='grc' dir='ltr'><em>Καὶ</em></span> <span class='ocrx_word' id='word_1_91' title='bbox 1076 1250 1114 1290; x_wconf 83' lang='grc' dir='ltr'><em>εἰ</em></span> <span class='ocrx_word' id='word_1_92' title='bbox 1142 1243 1353 1301; x_wconf 76' lang='grc' dir='ltr'><em>βούλεταί</em></span> <span class='ocrx_word' id='word_1_93' title='bbox 1379 1263 1441 1295; x_wconf 91' lang='grc' dir='ltr'><em>τις</em></span> <span class='ocrx_word' id='word_1_94' title='bbox 1458 1251 1636 1292; x_wconf 77' lang='grc' dir='ltr'><em>στείλα-</em></span> 
     </span>
     <span class='ocr_line' id='line_1_15' title="bbox 224 1319 1635 1381; baseline -0.001 -11"><span class='ocrx_word' id='word_1_95' title='bbox 224 1332 334 1370; x_wconf 74' lang='grc' dir='ltr'><em>σθαι</em></span> <span class='ocrx_word' id='word_1_96' title='bbox 362 1323 446 1378; x_wconf 77' lang='grc' dir='ltr'><em>τὴν</em></span> <span class='ocrx_word' id='word_1_97' title='bbox 473 1321 692 1381; x_wconf 73' lang='grc' dir='ltr'><em>ἰατρικήν,</em></span> <span class='ocrx_word' id='word_1_98' title='bbox 726 1322 807 1367; x_wconf 82' lang='grc' dir='ltr'><em>οὐκ</em></span> <span class='ocrx_word' id='word_1_99' title='bbox 839 1319 1157 1378; x_wconf 84' lang='grc' dir='ltr'><em>ἀγανακτήσει,</em></span> <span class='ocrx_word' id='word_1_100' title='bbox 1190 1322 1296 1366; x_wconf 76' lang='grc' dir='ltr'><em>οὐδὲ</em></span> <span class='ocrx_word' id='word_1_101' title='bbox 1326 1322 1538 1379; x_wconf 79' lang='grc' dir='ltr'><em>ἀμελήσει</em></span> <span class='ocrx_word' id='word_1_102' title='bbox 1555 1327 1635 1368; x_wconf 89' lang='grc' dir='ltr'><em>τοῦ</em></span> 
     </span>
     <span class='ocr_line' id='line_1_16' title="bbox 220 1391 1636 1460; baseline -0.003 -12"><span class='ocrx_word' id='word_1_103' title='bbox 220 1400 504 1460; x_wconf 79' lang='grc' dir='ltr'><em>βουλήματος</em></span> <span class='ocrx_word' id='word_1_104' title='bbox 533 1403 607 1457; x_wconf 85' lang='grc' dir='ltr'><em>τῆς</em></span> <span class='ocrx_word' id='word_1_105' title='bbox 635 1404 803 1457; x_wconf 81' lang='grc' dir='ltr'><em>τέχνης,</em></span> <span class='ocrx_word' id='word_1_106' title='bbox 832 1391 885 1454; x_wconf 71' lang='grc' dir='ltr'><em>ἧς</em></span> <span class='ocrx_word' id='word_1_107' title='bbox 914 1400 1174 1458; x_wconf 81' lang='grc' dir='ltr'><em>ἀνείληφεν,</em></span> <span class='ocrx_word' id='word_1_108' title='bbox 1206 1397 1325 1442; x_wconf 78' lang='grc' dir='ltr'><em>ἒπάν</em></span> <span class='ocrx_word' id='word_1_109' title='bbox 1354 1392 1513 1458; x_wconf 76' lang='grc' dir='ltr'><em>ᾗμετά</em></span> <span class='ocrx_word' id='word_1_110' title='bbox 1545 1404 1636 1445; x_wconf 84' lang='grc' dir='ltr'><em>τῶν</em></span> 
     </span>
     <span class='ocr_line' id='line_1_17' title="bbox 219 1476 1636 1537; baseline -0.003 -12"><span class='ocrx_word' id='word_1_111' title='bbox 219 1477 437 1525; x_wconf 87' lang='grc' dir='ltr'><em>τοιούτων</em></span> <span class='ocrx_word' id='word_1_112' title='bbox 475 1476 535 1528; x_wconf 80' lang='grc' dir='ltr'><em>ὠς</em></span> <span class='ocrx_word' id='word_1_113' title='bbox 572 1477 923 1537; x_wconf 85' lang='grc' dir='ltr'><em>προειρήκαμεν.</em></span> <span class='ocrx_word' id='word_1_114' title='bbox 996 1480 1141 1521; x_wconf 88' lang='grc' dir='ltr'><em>Τοῦτο</em></span> <span class='ocrx_word' id='word_1_115' title='bbox 1182 1477 1236 1521; x_wconf 76' lang='grc' dir='ltr'><em>δέ</em></span> <span class='ocrx_word' id='word_1_116' title='bbox 1267 1493 1349 1534; x_wconf 89' lang='grc' dir='ltr'><em>μοι</em></span> <span class='ocrx_word' id='word_1_117' title='bbox 1390 1476 1440 1520; x_wconf 90' lang='grc' dir='ltr'><em>τὸ</em></span> <span class='ocrx_word' id='word_1_118' title='bbox 1469 1482 1636 1534; x_wconf 90' lang='grc' dir='ltr'><em>προοί-</em></span> 
     </span>
     <span class='ocr_line' id='line_1_18' title="bbox 218 1549 1634 1615; baseline -0.001 -15"><span class='ocrx_word' id='word_1_119' title='bbox 218 1574 329 1615; x_wconf 90' lang='grc' dir='ltr'><em>μιον</em></span> <span class='ocrx_word' id='word_1_120' title='bbox 357 1560 574 1614; x_wconf 77' lang='grc' dir='ltr'><em>λέλεκται,</em></span> <span class='ocrx_word' id='word_1_121' title='bbox 607 1554 683 1599; x_wconf 73' lang='grc' dir='ltr'><em>διὰ</em></span> <span class='ocrx_word' id='word_1_122' title='bbox 713 1554 762 1598; x_wconf 88' lang='grc' dir='ltr'><em>τὸ</em></span> <span class='ocrx_word' id='word_1_123' title='bbox 793 1557 871 1598; x_wconf 87' lang='grc' dir='ltr'><em>καὶ</em></span> <span class='ocrx_word' id='word_1_124' title='bbox 900 1551 1004 1603; x_wconf 83' lang='grc' dir='ltr'><em>τοὺς</em></span> <span class='ocrx_word' id='word_1_125' title='bbox 1031 1551 1271 1613; x_wconf 76' lang='grc' dir='ltr'><em>προφήτας</em></span> <span class='ocrx_word' id='word_1_126' title='bbox 1302 1549 1400 1598; x_wconf 84' lang='grc' dir='ltr'><em>οἷον</em></span> <span class='ocrx_word' id='word_1_127' title='bbox 1421 1550 1538 1599; x_wconf 86' lang='grc' dir='ltr'><em>εἶναι</em></span> <span class='ocrx_word' id='word_1_128' title='bbox 1558 1558 1634 1598; x_wconf 81' lang='grc' dir='ltr'><em>ῗα-</em></span> 
     </span>
     <span class='ocr_line' id='line_1_19' title="bbox 218 1629 1636 1693; baseline -0.003 -14"><span class='ocrx_word' id='word_1_129' title='bbox 218 1633 351 1693; x_wconf 81' lang='grc' dir='ltr'><em>τροὺς</em></span> <span class='ocrx_word' id='word_1_130' title='bbox 379 1636 557 1690; x_wconf 80' lang='grc' dir='ltr'><em>ψυχῶν,</em></span> <span class='ocrx_word' id='word_1_131' title='bbox 588 1635 664 1676; x_wconf 89' lang='grc' dir='ltr'><em>καὶ</em></span> <span class='ocrx_word' id='word_1_132' title='bbox 695 1631 765 1676; x_wconf 81' lang='grc' dir='ltr'><em>ἀεὶ</em></span> <span class='ocrx_word' id='word_1_133' title='bbox 793 1631 1163 1691; x_wconf 74' lang='grc' dir='ltr'><em>προσδιατρίβειν</em></span> <span class='ocrx_word' id='word_1_134' title='bbox 1194 1629 1310 1675; x_wconf 82' lang='grc' dir='ltr'><em>ὅπου</em></span> <span class='ocrx_word' id='word_1_135' title='bbox 1350 1633 1395 1675; x_wconf 79' lang='grc' dir='ltr'><em>οἱ</em></span> <span class='ocrx_word' id='word_1_136' title='bbox 1424 1630 1636 1688; x_wconf 75' lang='grc' dir='ltr'><em>δεόμενοι</em></span> 
     </span>
     <span class='ocr_line' id='line_1_20' title="bbox 219 1706 1634 1770; baseline -0.001 -15"><span class='ocrx_word' id='word_1_137' title='bbox 219 1715 486 1770; x_wconf 77' lang='grc' dir='ltr'><em>θεραπείας·</em></span> <span class='ocrx_word' id='word_1_138' title='bbox 527 1708 619 1766; x_wconf 72' lang='grc' dir='ltr'><em>,,οὐ</em></span> <span class='ocrx_word' id='word_1_139' title='bbox 635 1709 674 1765; x_wconf 83' lang='lat'><em>⁷)</em></span> <span class='ocrx_word' id='word_1_140' title='bbox 719 1707 810 1769; x_wconf 78' lang='grc' dir='ltr'><em>γὰρ</em></span> <span class='ocrx_word' id='word_1_141' title='bbox 841 1712 1005 1768; x_wconf 85' lang='grc' dir='ltr'><em>χρείαν</em></span> <span class='ocrx_word' id='word_1_142' title='bbox 1041 1709 1225 1765; x_wconf 75' lang='grc' dir='ltr'><em>ἔχουσιν</em></span> <span class='ocrx_word' id='word_1_143' title='bbox 1270 1711 1313 1751; x_wconf 85' lang='grc' dir='ltr'><em>οἱ</em></span> <span class='ocrx_word' id='word_1_144' title='bbox 1351 1706 1634 1765; x_wconf 83' lang='grc' dir='ltr'><em>ὑγιαίνοντες</em></span> 
     </span>
     <span class='ocr_line' id='line_1_21' title="bbox 219 1782 1634 1846; baseline -0.001 -15"><span class='ocrx_word' id='word_1_145' title='bbox 219 1790 400 1846; x_wconf 76' lang='grc' dir='ltr'><em>ἰατροῦ,</em></span> <span class='ocrx_word' id='word_1_146' title='bbox 434 1785 524 1829; x_wconf 76' lang='grc' dir='ltr'><em>ἀλλ’</em></span> <span class='ocrx_word' id='word_1_147' title='bbox 563 1788 604 1829; x_wconf 84' lang='grc' dir='ltr'><em>οἱ</em></span> <span class='ocrx_word' id='word_1_148' title='bbox 637 1788 785 1835; x_wconf 85' lang='grc' dir='ltr'><em>κακῶς</em></span> <span class='ocrx_word' id='word_1_149' title='bbox 821 1787 1050 1843; x_wconf 49' lang='grc' dir='ltr'><em>ἔχοντες-,ζι</em></span> <span class='ocrx_word' id='word_1_150' title='bbox 1105 1784 1247 1845; x_wconf 67' lang='grc' dir='ltr'><em>’Όπερ</em></span> <span class='ocrx_word' id='word_1_151' title='bbox 1285 1785 1338 1829; x_wconf 78' lang='grc' dir='ltr'><em>δὲ</em></span> <span class='ocrx_word' id='word_1_152' title='bbox 1374 1782 1634 1843; x_wconf 80' lang='grc' dir='ltr'><em>πάσχουσιν</em></span> 
     </span>
     <span class='ocr_line' id='line_1_22' title="bbox 217 1859 1633 1922; baseline -0.001 -14"><span class='ocrx_word' id='word_1_153' title='bbox 217 1864 334 1922; x_wconf 77' lang='grc' dir='ltr'><em>ὑπὲρ</em></span> <span class='ocrx_word' id='word_1_154' title='bbox 377 1866 466 1907; x_wconf 86' lang='grc' dir='ltr'><em>τῶν</em></span> <span class='ocrx_word' id='word_1_155' title='bbox 510 1860 768 1911; x_wconf 78' lang='grc' dir='ltr'><em>ἀκολάστως</em></span> <span class='ocrx_word' id='word_1_156' title='bbox 820 1859 1094 1919; x_wconf 88' lang='grc' dir='ltr'><em>καμνόντων</em></span> <span class='ocrx_word' id='word_1_157' title='bbox 1135 1865 1307 1919; x_wconf 77' lang='grc' dir='ltr'><em>ἰατροὶ,</em></span> <span class='ocrx_word' id='word_1_158' title='bbox 1358 1865 1488 1907; x_wconf 88' lang='grc' dir='ltr'><em>τοῦτο</em></span> <span class='ocrx_word' id='word_1_159' title='bbox 1537 1859 1633 1907; x_wconf 77' lang='grc' dir='ltr'><em>πά-</em></span> 
     </span>
     <span class='ocr_line' id='line_1_23' title="bbox 218 1936 1630 1999; baseline -0.003 -13"><span class='ocrx_word' id='word_1_160' title='bbox 218 1956 376 1999; x_wconf 87' lang='grc' dir='ltr'><em>σχουσι</em></span> <span class='ocrx_word' id='word_1_161' title='bbox 405 1943 483 1984; x_wconf 87' lang='grc' dir='ltr'><em>καὶ</em></span> <span class='ocrx_word' id='word_1_162' title='bbox 514 1942 557 1984; x_wconf 81' lang='grc' dir='ltr'><em>οἱ</em></span> <span class='ocrx_word' id='word_1_163' title='bbox 583 1942 819 1999; x_wconf 86' lang='grc' dir='ltr'><em>προφῆται</em></span> <span class='ocrx_word' id='word_1_164' title='bbox 849 1942 924 1982; x_wconf 87' lang='grc' dir='ltr'><em>καὶ</em></span> <span class='ocrx_word' id='word_1_165' title='bbox 954 1941 997 1982; x_wconf 81' lang='grc' dir='ltr'><em>οἱ</em></span> <span class='ocrx_word' id='word_1_166' title='bbox 1026 1936 1295 1982; x_wconf 75' lang='grc' dir='ltr'><em>διδάσκαλοι</em></span> <span class='ocrx_word' id='word_1_167' title='bbox 1335 1938 1426 1983; x_wconf 82' lang='grc' dir='ltr'><em>ὑπὸ</em></span> <span class='ocrx_word' id='word_1_168' title='bbox 1456 1943 1548 1983; x_wconf 82' lang='grc' dir='ltr'><em>τῶν</em></span> <span class='ocrx_word' id='word_1_169' title='bbox 1578 1939 1630 1984; x_wconf 83' lang='grc' dir='ltr'><em>οὐ</em></span> 
     </span>
     <span class='ocr_line' id='line_1_24' title="bbox 215 2013 1632 2077; baseline -0.004 -14"><span class='ocrx_word' id='word_1_170' title='bbox 215 2021 509 2077; x_wconf 82' lang='grc' dir='ltr'><em>βουλομένων</em></span> <span class='ocrx_word' id='word_1_171' title='bbox 536 2014 886 2077; x_wconf 74' lang='grc' dir='ltr'><em>θεραπεύεσθαι.</em></span> <span class='ocrx_word' id='word_1_172' title='bbox 925 2015 1131 2060; x_wconf 76' lang='grc' dir='ltr'><em>Ἐκεῖθεν</em></span> <span class='ocrx_word' id='word_1_173' title='bbox 1159 2014 1249 2073; x_wconf 72' lang='grc' dir='ltr'><em>γὰρ</em></span> <span class='ocrx_word' id='word_1_174' title='bbox 1277 2018 1534 2071; x_wconf 86' lang='grc' dir='ltr'><em>μισοῦνται,</em></span> <span class='ocrx_word' id='word_1_175' title='bbox 1573 2013 1632 2064; x_wconf 77' lang='grc' dir='ltr'><em>ὡς</em></span> 
     </span>
     <span class='ocr_line' id='line_1_25' title="bbox 215 2091 1631 2153; baseline -0.002 -14"><span class='ocrx_word' id='word_1_176' title='bbox 215 2092 570 2153; x_wconf 74' lang='grc' dir='ltr'><em>διατασσόμενοι</em></span> <span class='ocrx_word' id='word_1_177' title='bbox 602 2091 727 2153; x_wconf 79' lang='grc' dir='ltr'><em>παρὰ</em></span> <span class='ocrx_word' id='word_1_178' title='bbox 755 2091 838 2148; x_wconf 79' lang='grc' dir='ltr'><em>τῆν</em></span> <span class='ocrx_word' id='word_1_179' title='bbox 867 2097 1133 2149; x_wconf 89' lang='grc' dir='ltr'><em>προαίρεσιν</em></span> <span class='ocrx_word' id='word_1_180' title='bbox 1162 2095 1238 2148; x_wconf 85' lang='grc' dir='ltr'><em>τῆς</em></span> <span class='ocrx_word' id='word_1_181' title='bbox 1266 2093 1513 2149; x_wconf 75' lang='grc' dir='ltr'><em>ἐπιθυμίας</em></span> <span class='ocrx_word' id='word_1_182' title='bbox 1541 2094 1631 2136; x_wconf 85' lang='grc' dir='ltr'><em>τῶν</em></span> 
     </span>
    </p>
   </div>
   <div class='ocr_carea' id='block_1_5' title="bbox 211 2334 1626 2434">
    <p class='ocr_par' dir='ltr' id='par_1_5' title="bbox 211 2334 1626 2434">
     <span class='ocr_line' id='line_1_26' title="bbox 332 2334 1626 2393; baseline -0.002 -15"><span class='ocrx_word' id='word_1_183' title='bbox 332 2337 373 2393; x_wconf 86' lang='lat'><em>¹)</em></span> <span class='ocrx_word' id='word_1_184' title='bbox 403 2337 514 2378; x_wconf 86' lang='lat' dir='ltr'><strong>Edd.</strong></span> <span class='ocrx_word' id='word_1_185' title='bbox 556 2336 608 2379; x_wconf 87' lang='lat' dir='ltr'><em>H.</em></span> <span class='ocrx_word' id='word_1_186' title='bbox 653 2347 694 2377; x_wconf 86' lang='lat' dir='ltr'><em>et</em></span> <span class='ocrx_word' id='word_1_187' title='bbox 735 2337 812 2387; x_wconf 88' lang='lat' dir='ltr'><em>R.‚</em></span> <span class='ocrx_word' id='word_1_188' title='bbox 855 2334 973 2376; x_wconf 85' lang='lat' dir='ltr'><strong>uncis</strong></span> <span class='ocrx_word' id='word_1_189' title='bbox 1014 2335 1207 2376; x_wconf 87' lang='lat' dir='ltr'>inclusis:</span> <span class='ocrx_word' id='word_1_190' title='bbox 1262 2334 1376 2392; x_wconf 77' lang='lat' dir='ltr'><strong>juxta</strong></span> <span class='ocrx_word' id='word_1_191' title='bbox 1419 2334 1626 2393; x_wconf 81' lang='lat' dir='ltr'>Hierony-</span> 
     </span>
     <span class='ocr_line' id='line_1_27' title="bbox 211 2394 432 2434; baseline -0.009 0"><span class='ocrx_word' id='word_1_192' title='bbox 211 2410 328 2434; x_wconf 90' lang='lat' dir='ltr'><em>mum</em></span> <span class='ocrx_word' id='word_1_193' title='bbox 355 2394 432 2433; x_wconf 90' lang='lat' dir='ltr'><em>XI.</em></span> 
     </span>
    </p>
   </div>
   <div class='ocr_carea' id='block_1_6' title="bbox 170 2462 1620 2789">
    <p class='ocr_par' dir='ltr' id='par_1_6' title="bbox 325 2462 1581 2589">
     <span class='ocr_line' id='line_1_28' title="bbox 325 2462 1581 2518; baseline -0.001 -16"><span class='ocrx_word' id='word_1_194' title='bbox 325 2463 369 2518; x_wconf 84' lang='lat'><em>2)</em></span> <span class='ocrx_word' id='word_1_195' title='bbox 403 2463 491 2505; x_wconf 88' lang='lat' dir='ltr'><strong>Cfr.</strong></span> <span class='ocrx_word' id='word_1_196' title='bbox 521 2462 678 2502; x_wconf 83' lang='lat' dir='ltr'><strong>Jerem.</strong></span> <span class='ocrx_word' id='word_1_197' title='bbox 708 2462 802 2513; x_wconf 84' lang='lat' dir='ltr'><em>XV,</em></span> <span class='ocrx_word' id='word_1_198' title='bbox 833 2463 897 2506; x_wconf 83' lang='lat'><em>10.</em></span> <span class='ocrx_word' id='word_1_199' title='bbox 1017 2462 1058 2517; x_wconf 86' lang='grc'><em>3)</em></span> <span class='ocrx_word' id='word_1_200' title='bbox 1092 2462 1177 2506; x_wconf 85' lang='lat' dir='ltr'><strong>Cfr.</strong></span> <span class='ocrx_word' id='word_1_201' title='bbox 1207 2465 1361 2504; x_wconf 85' lang='lat' dir='ltr'><strong>Jerem.</strong></span> <span class='ocrx_word' id='word_1_202' title='bbox 1390 2463 1484 2512; x_wconf 91' lang='lat' dir='ltr'><em>XV,</em></span> <span class='ocrx_word' id='word_1_203' title='bbox 1516 2462 1581 2505; x_wconf 86' lang='lat'><em>19.</em></span> 
     </span>
     <span class='ocr_line' id='line_1_29' title="bbox 327 2529 1167 2589; baseline 0.001 -17"><span class='ocrx_word' id='word_1_204' title='bbox 327 2530 370 2588; x_wconf 74' lang='lat'><em>4)</em></span> <span class='ocrx_word' id='word_1_205' title='bbox 399 2532 510 2572; x_wconf 76' lang='lat' dir='ltr'>Edd,</span> <span class='ocrx_word' id='word_1_206' title='bbox 539 2531 593 2572; x_wconf 94' lang='lat' dir='ltr'><em>H.</em></span> <span class='ocrx_word' id='word_1_207' title='bbox 625 2542 667 2571; x_wconf 86' lang='lat' dir='ltr'><em>et</em></span> <span class='ocrx_word' id='word_1_208' title='bbox 696 2532 747 2574; x_wconf 81' lang='lat' dir='ltr'><em>R.</em></span> <span class='ocrx_word' id='word_1_209' title='bbox 779 2529 1167 2589; x_wconf 70' lang='grc' dir='ltr'><em>,,θιγκάνουσιν.“’</em></span> 
     </span>
    </p>

    <p class='ocr_par' dir='ltr' id='par_1_7' title="bbox 326 2600 1434 2658">
     <span class='ocr_line' id='line_1_30' title="bbox 326 2600 1434 2658; baseline 0.003 -16"><span class='ocrx_word' id='word_1_210' title='bbox 326 2602 367 2658; x_wconf 88' lang='lat'><em>⁵)</em></span> <span class='ocrx_word' id='word_1_211' title='bbox 399 2601 453 2643; x_wconf 93' lang='lat' dir='ltr'><em>H.</em></span> <span class='ocrx_word' id='word_1_212' title='bbox 483 2601 537 2641; x_wconf 85' lang='lat' dir='ltr'><em>ad</em></span> <span class='ocrx_word' id='word_1_213' title='bbox 565 2616 708 2652; x_wconf 60' lang='lat' dir='ltr'>marg„</span> <span class='ocrx_word' id='word_1_214' title='bbox 736 2600 787 2642; x_wconf 84' lang='lat' dir='ltr'><em>R.</em></span> <span class='ocrx_word' id='word_1_215' title='bbox 819 2600 863 2640; x_wconf 84' lang='lat' dir='ltr'><em>in</em></span> <span class='ocrx_word' id='word_1_216' title='bbox 891 2602 1021 2643; x_wconf 86' lang='lat' dir='ltr'><strong>notis:</strong></span> <span class='ocrx_word' id='word_1_217' title='bbox 1054 2602 1199 2654; x_wconf 74' lang='lat' dir='ltr'><strong>„leget</strong></span> <span class='ocrx_word' id='word_1_218' title='bbox 1233 2602 1434 2655; x_wconf 74' lang='grc' dir='ltr'><em>ἀηδῶν.“</em></span> 
     </span>
    </p>

    <p class='ocr_par' dir='ltr' id='par_1_8' title="bbox 170 2669 1620 2789">
     <span class='ocr_line' id='line_1_31' title="bbox 327 2669 1620 2728; baseline -0.001 -16"><span class='ocrx_word' id='word_1_219' title='bbox 327 2672 368 2728; x_wconf 75' lang='grc'><em>6)</em></span> <span class='ocrx_word' id='word_1_220' title='bbox 400 2672 457 2712; x_wconf 88' lang='grc' dir='ltr'><em>Η.</em></span> <span class='ocrx_word' id='word_1_221' title='bbox 489 2682 531 2711; x_wconf 91' lang='lat' dir='ltr'><em>et</em></span> <span class='ocrx_word' id='word_1_222' title='bbox 569 2671 619 2711; x_wconf 85' lang='lat' dir='ltr'><em>R.</em></span> <span class='ocrx_word' id='word_1_223' title='bbox 658 2669 702 2710; x_wconf 80' lang='lat' dir='ltr'><em>in</em></span> <span class='ocrx_word' id='word_1_224' title='bbox 739 2681 876 2711; x_wconf 82' lang='lat' dir='ltr'>textu:</span> <span class='ocrx_word' id='word_1_225' title='bbox 920 2669 1270 2727; x_wconf 78' lang='grc' dir='ltr'><em>,,τραυμάτων,“</em></span> <span class='ocrx_word' id='word_1_226' title='bbox 1309 2671 1359 2712; x_wconf 85' lang='lat' dir='ltr'><em>R.</em></span> <span class='ocrx_word' id='word_1_227' title='bbox 1399 2682 1539 2712; x_wconf 82' lang='lat' dir='ltr'>tamen</span> <span class='ocrx_word' id='word_1_228' title='bbox 1576 2671 1620 2711; x_wconf 83' lang='lat' dir='ltr'><em>in</em></span> 
     </span>
     <span class='ocr_line' id='line_1_32' title="bbox 170 2726 1310 2789; baseline 0.001 -19"><span class='ocrx_word' id='word_1_229' title='bbox 170 2786 176 2789; x_wconf 31' lang='grc' dir='ltr'><em>ι</em></span> <span class='ocrx_word' id='word_1_230' title='bbox 209 2729 343 2770; x_wconf 83' lang='lat' dir='ltr'>notis:</span> <span class='ocrx_word' id='word_1_231' title='bbox 376 2728 498 2780; x_wconf 85' lang='lat' dir='ltr'>„lego</span> <span class='ocrx_word' id='word_1_232' title='bbox 531 2743 628 2768; x_wconf 84' lang='lat' dir='ltr'><em>cum</em></span> <span class='ocrx_word' id='word_1_233' title='bbox 657 2726 942 2785; x_wconf 78' lang='lat' dir='ltr'>Hieronymo:</span> <span class='ocrx_word' id='word_1_234' title='bbox 973 2729 1310 2786; x_wconf 72' lang='grc' dir='ltr'><em>τριιυματιῶν.“</em></span> 
     </span>
    </p>
   </div>
   <div class='ocr_carea' id='block_1_7' title="bbox 327 2795 676 2853">
    <p class='ocr_par' dir='ltr' id='par_1_9' title="bbox 327 2795 676 2853">
     <span class='ocr_line' id='line_1_33' title="bbox 327 2795 676 2853; baseline 0 -15"><span class='ocrx_word' id='word_1_235' title='bbox 327 2797 368 2853; x_wconf 89' lang='grc'><em>7)</em></span> <span class='ocrx_word' id='word_1_236' title='bbox 397 2799 498 2838; x_wconf 76' lang='lat' dir='ltr'><strong>Luc.</strong></span> <span class='ocrx_word' id='word_1_237' title='bbox 529 2797 580 2847; x_wconf 89' lang='lat' dir='ltr'><em>v,</em></span> <span class='ocrx_word' id='word_1_238' title='bbox 609 2795 676 2839; x_wconf 89' lang='lat'><em>31.</em></span> 
     </span>
    </p>
   </div>
  </div>
 </body>
</html>
