1763 3112
281 53 363 97 390
706 56 926 97 OMGENJS
959 68 999 96 m
1030 54 1083 94 JE
1092 66 1269 95 nssmmm

288 165 376 218 Ego
407 176 544 206 autem
575 167 858 221 pronuntiabo
892 166 1129 215 confidens,
1161 181 1246 206 esse
1277 165 1482 220 aliquem,
1516 165 1586 220 qui
1616 181 1701 206 non

287 257 540 298 magnopere
572 254 688 284 curet
719 244 770 284 de
801 245 955 285 malleo
989 242 1204 282 universae
1230 253 1376 283 terrae.
1421 242 1476 282 Et
1507 241 1703 297 quoniam

289 319 528 374 exemplum
569 320 620 359 ad
660 332 848 361 sanctum
887 320 1094 377 Spiritum
1137 330 1198 359 est
1238 319 1289 359 de
1318 318 1505 360 sensib'fii
1534 319 1708 368 malleo,

291 411 444 451 quaero
476 396 689 437 materiam
719 397 876 439 malleo
908 397 1144 446 fortiorem,
1177 412 1282 451 quae
1312 395 1416 436 nihil
1448 396 1498 435 ab
1530 412 1579 435 eo
1612 412 1708 450 per-

293 489 408 513 cussa
446 472 638 528 patiatur.
721 474 859 528 Quam
901 474 1072 530 quidem
1116 488 1318 527 quaerens
1364 472 1502 528 reperi
1550 472 1592 512 in
1642 488 1709 522 ει),

292 549 406 604 quod
435 548 637 604 scriptum
669 562 751 591 est:
794 567 919 601 „ecce
960 550 1023 591 vir
1053 561 1160 590 stans
1191 565 1317 604 super
1344 566 1488 590 muros
1518 550 1710 589 adaman-

293 624 423 675 tinos,
469 637 507 665 et
547 625 588 665 in
628 643 753 667 manu
793 626 882 684 ejus
913 628 1121 667 adamas.“
1181 626 1329 666 Refert
1358 638 1495 666 autem
1530 626 1580 665 de
1614 626 1710 665 ada-

292 713 429 742 mante
460 702 644 754 historia,
677 703 771 760 quia
802 703 957 744 fortior
993 704 1047 744 sit
1086 703 1201 744 omni
1244 702 1434 744 caedenti
1464 719 1505 743 se
1537 702 1709 750 malleo,

293 778 540 820 incontritus
572 791 613 821 et
641 779 978 821 inconvincibilis
1010 795 1270 836 permanens.
1329 779 1450 820 Licet
1478 794 1602 834 supra
1632 790 1711 818 stet

294 855 469 896 malleus
499 856 682 908 zabulus,
716 869 757 898 et
785 857 1028 913 suppositus
1059 859 1111 898 sit
1143 858 1283 906 draco,
1316 855 1388 912 qui
1420 867 1482 896 est
1511 855 1627 911 quasi
1651 855 1712 895 in·
1749 892 1752 905 ,

293 948 363 972 cus
393 931 684 984 indomabilis,
715 934 820 975 nihil
852 945 994 975 tamen
1025 933 1068 974 in
1098 950 1224 974 manu
1253 933 1361 984 Dei,
1395 944 1435 974 et
1464 932 1507 973 in
1538 949 1713 988 conspe-

293 1019 362 1049 ctu
393 1009 480 1066 ejus
512 1010 740 1052 consistens
778 1012 943 1052 adamas
979 1011 1231 1067 perpetitur.
1290 1011 1391 1050 Duo
1433 1011 1573 1065 itaque
1615 1027 1713 1050 con-

292 1085 416 1126 traria
445 1098 541 1126 sunt
570 1088 778 1128 adamanti
809 1087 901 1138 isti,
931 1088 1109 1128 malleus
1141 1099 1181 1128 et
1211 1087 1327 1128 incus
1359 1086 1714 1142 improducibilis.

292 1161 387 1221 Jam
418 1159 632 1219 quoddam
672 1175 734 1205 est
774 1176 815 1205 et
844 1164 957 1219 apud
987 1165 1177 1210 nationes
1208 1165 1353 1205 tritum
1385 1164 1498 1216 vulgi
1523 1180 1714 1204 sermone
1762 1191 1763 1196 =

292 1239 580 1294 prOverbium‚
610 1253 658 1281 ut
688 1242 740 1281 de
769 1240 847 1291 his,
880 1240 952 1296 qui
982 1240 1256 1281 anxietatibus
1296 1253 1337 1281 et
1366 1241 1600 1294 ingentibus
1631 1258 1716 1281 ma-

293 1315 344 1371 lis
380 1303 662 1372 premuntur,
699 1316 860 1374 dicant:
906 1315 1016 1357 inter
1052 1317 1256 1358 malleum
1293 1328 1389 1357 sunt
1427 1328 1466 1357 et
1505 1318 1715 1359 incudem.

295 1385 644 1435 Tu·'autem’hoc
673 1380 804 1434 refers
835 1395 887 1435 ad
919 1395 1118 1436 zabulum
1148 1407 1190 1436 et
1222 1396 1462 1444 draconem,
1494 1394 1565 1450 qui
1583 1395 1716 1436 istius-

294 1471 413 1521 modi
441 1473 610 1528 semper
637 1470 680 1511 in
713 1463 943 1528 Scripturis
973 1489 1053 1529 pro
1085 1472 1285 1513 varietate
1327 1488 1543 1513 causarum
1581 1473 1719 1512 nomi-

294 1537 416 1619 nibus
449 1549 760 1603 insigniuntur:
784 1548 826 1590 et
854 1549 983 1614 dicis,
1014 1549 1110 1606 quia
1140 1561 1326 1600 sanctus,
1366 1551 1438 1605 qui
1483 1549 1598 1605 quasi
1628 1566 1719 1590 mu-

295 1644 364 1668 rus
395 1613 703 1693 adamantinus,
748 1627 817 1668 vel
861 1627 903 1668 in
934 1643 1060 1668 manu
1089 1627 1269 1668 Domini
1299 1628 1465 1668 adamas
1498 1639 1585 1677 est,
1633 1644 1718 1668 non

297 1716 413 1744 curet
442 1721 578 1760 neque
610 1691 663 1745 de
692 1704 865 1755 malleo,
894 1720 1030 1761 neque
1063 1704 1114 1745 de
1140 1704 1306 1755 incude,
1336 1705 1410 1745 sed
1435 1716 1591 1761 quanto
1624 1706 1720 1760 plus

299 1797 438 1822 caesus
467 1781 609 1831 suelit,
640 1793 757 1822 tanto
790 1782 886 1837 plus
914 1781 1001 1840 ejus
1018 1781 1217 1823 virtutem
1238 1782 1544 1837 splendescere.
1589 1782 1721 1822 Aiunt

295 1874 382 1908 eos,
413 1857 485 1913 qui
513 1858 832 1899 mercimoniam
865 1859 1055 1915 lapidum
1086 1870 1304 1910 exercent
1347 1876 1477 1915 quum
1508 1859 1720 1901 voluerint

294 1928 477 2008 probare
507 1936 784 1986 adamantem,
816 1935 1054 1988 ignorantes
1084 1947 1227 1975 utrum
1259 1936 1312 1976 sit
1342 1937 1521 1986 adamas,
1551 1953 1601 1976 an
1631 1953 1717 1976 non

296 2005 367 2062 sit,
400 2002 600 2068 quamdiu
637 2013 838 2053 malleum
881 2025 922 2054 et
959 2010 1155 2053 incudem
1194 2028 1280 2052 non
1321 2012 1578 2054 invenerint:
1621 2025 1719 2052 tunc

296 2073 436 2128 autem
465 2090 709 2144 pelsuade1i
741 2106 828 2131 esse
861 2089 1123 2157 xeiissimum
1154 2091 1441 2139 adamantem,
1474 2089 1506 2130 si
1538 2089 1717 2130 indomi-

293 2176 359 2206 tus
394 2153 519 2222 lapis,
559 2166 603 2207 si
631 2167 739 2208 inter
778 2167 975 2208 incudem
1015 2152 1055 2208 et
1084 2167 1286 2207 malleum
1326 2178 1589 2222 perseverat,
1629 2167 1722 2220 si¹)

295 2243 557 2298 percutiente
599 2245 779 2301 desupe1
814 2245 992 2296 malleo,
1039 2256 1079 2284 et
1125 2244 1277 2285 incude
1318 2243 1536 2300 supposita
1575 2243 1721 2284 durior

299 2320 489 2375 lapidum
529 2333 676 2363 natura
717 2310 958 2379 compingit.
1019 2321 1133 2363 Talis
1172 2322 1237 2362 vir
1276 2333 1356 2362 est:
1395 2333 1488 2362 ante
1524 2322 1720 2362 tentatio-

297 2392 369 2437 ffes
399 2398 450 2437 ab
481 2397 555 2447 his,
588 2399 659 2453 qui
690 2383 871 2454 probare
906 2399 1066 2454 lapides
1097 2399 1302 2449 nesciunt,
1333 2399 1559 2451 ignoratur.
1621 2399 1720 2440 Cer-

296 2474 452 2514 tissime
483 2486 621 2514 autem
656 2476 773 2516 novit
806 2476 1169 2516 adamantinorum
1204 2475 1392 2531 lapidum
1433 2488 1623 2516 naturam
1653 2492 1721 2515 so-

298 2553 360 2597 lus
400 2552 518 2603 Deus
557 2552 749 2606 plurimis
791 2553 1032 2604 ignoratam.
1108 2554 1198 2605 Ego
1252 2554 1338 2608 ipse
1390 2554 1524 2594 adhuc
1563 2553 1721 2601 nescim

298 2641 434 2675 mmm:
469 2628 666 2668 veniente
694 2629 872 2678 malleo,
918 2642 956 2670 ci
1002 2631 1262 2683 percutiente
1306 2648 1371 2671 me
1413 2630 1650 2682 confringar
1681 2641 1716 2669 et

417 2790 452 2840 ¹)
483 2789 589 2829 Edd.
625 2763 817 2831 Mer-lim:
854 2811 891 2833 ze
