1734 3112
251 103 307 148 26
508 106 727 148 Omcssms
757 119 801 148 m
834 105 1071 148 CANTmUM
1105 107 1409 151 CANr1conon1

253 220 434 269 ecclesia
458 220 537 265 sibi
569 220 802 264 commissa.
864 220 934 263 Sic
967 220 1078 262 enim
1110 221 1312 277 scriptum
1355 234 1436 262 est:
1499 223 1619 272 „scio
1641 225 1681 279 ¹)

253 315 383 356 opera
413 310 482 340 tua
513 311 555 340 et
587 299 800 342 caritatem
834 311 970 350 tuam,
1003 311 1043 340 et
1074 299 1201 340 fidem
1233 311 1274 340 et
1304 299 1609 350 ministerium,
1640 313 1679 344 et

250 376 519 434 patientiam,
551 389 592 420 et
624 394 753 434 opera
783 389 853 419 tua
885 377 1112 419 novissima
1144 376 1305 435 majora
1337 395 1461 436 quam
1492 378 1678 435 priora.“

251 456 337 498 Sed
371 456 447 497 etsi
478 457 529 497 ad
561 458 790 513 prophetas
821 457 923 497 haec
953 457 1207 506 referamus,
1240 455 1310 512 qui
1341 456 1680 498 ministraverunt

249 534 426 575 verbum
442 534 526 575 Dei
552 546 647 575 ante
673 535 898 576 adventum
930 534 1087 590 sponsi,
1118 544 1164 574 ut
1194 549 1272 589 per
1303 535 1492 590 ipsorum
1524 534 1682 576 doctri-

248 628 345 654 nam
376 611 568 654 videatur
601 612 776 654 ecclesia
800 613 911 653 velle
937 611 1131 653 ordinem
1163 611 1324 653 discere
1357 612 1549 663 caritatis,
1580 613 1681 669 id2)

248 701 332 741 est,
364 689 626 748 propheticis
657 689 804 731 instrui
838 689 1150 741 voluminibus,
1176 706 1262 731 non
1294 688 1508 732 videbitur
1538 692 1681 732 absur-

247 768 360 809 dum.
422 769 508 810 Sed
540 779 582 809 et
613 784 759 809 omnes
790 767 942 818 sancti,
986 767 1058 825 qui
1090 769 1143 809 de
1176 768 1251 809 hac
1281 767 1366 809 vita
1397 769 1677 818 decesserunt,

246 846 446 888 habentes
486 845 623 887 adhuc
663 844 877 887 caritatem
917 862 1012 899 erga
1055 861 1151 897 eos,
1199 846 1270 903 qui
1316 845 1356 887 in
1393 846 1475 887 hoc
1516 846 1676 887 mundo

246 935 363 974 sunt,
402 923 435 965 si
477 924 669 966 dicantur
701 941 843 966 curam
875 940 1019 978 gerere
1054 924 1201 966 salutis
1241 941 1412 974 eorum,
1457 935 1498 965 et
1534 922 1677 981 juvare

246 1018 319 1043 eos
348 1002 548 1059 precibus
578 1002 685 1054 suis,
716 1015 842 1060 atque
872 1002 1112 1045 interventu
1143 1020 1220 1044 suo
1254 1004 1367 1060 apud
1397 1003 1561 1053 Deum,
1591 1019 1676 1044 non

245 1081 325 1122 crit
363 1081 678 1124 inconveniens.
740 1080 956 1137 Scriptum
997 1097 1179 1137 namque
1221 1092 1282 1122 est
1320 1080 1363 1122 in
1394 1081 1678 1122 RIachabaeo-

242 1176 337 1200 rum
371 1159 489 1202 libris
521 1160 600 1201 ita:
648 1158 811 1215 ‚,hic³)
859 1170 919 1200 est
948 1158 1183 1201 Hieremias
1214 1160 1424 1216 propheta
1454 1158 1563 1210 Dei,
1605 1160 1675 1216 qui

243 1254 414 1295 semper
443 1251 534 1280 orat
567 1254 647 1294 pro
679 1236 891 1293 populo.“
939 1237 1026 1279 Sed
1061 1248 1102 1278 et
1133 1238 1186 1278 ad
1216 1237 1436 1293 apostolos
1457 1237 1559 1277 haec
1579 1235 1677 1287 dici,

242 1326 287 1355 ut
326 1331 452 1371 supra
491 1314 574 1373 jam
620 1314 728 1365 dixi,
774 1331 861 1355 non
908 1314 1122 1356 videbitur
1161 1314 1367 1355 alienum:
1415 1331 1492 1371 per
1536 1314 1612 1356 hos
1633 1314 1675 1370 4)

241 1391 353 1433 enim
385 1391 523 1433 omnis
555 1392 730 1433 ecclesia
761 1391 867 1441 Dei,
910 1393 978 1433 vel
1010 1392 1147 1434 anima
1178 1409 1380 1450 quaerens
1410 1393 1574 1442 Deum,
1615 1393 1674 1433 in-

240 1470 479 1512 troducitur
509 1470 552 1512 in
576 1471 753 1511 domum
770 1469 871 1521 vini,
901 1481 949 1511 ut
975 1488 1100 1527 supra
1129 1471 1322 1522 diximus,
1354 1483 1396 1512 ct
1419 1471 1674 1512 aromatibus

238 1560 363 1605 atque
395 1547 601 1589 odoribus
631 1549 840 1605 repletur,
887 1559 929 1588 et
962 1548 1238 1605 componitur
1278 1549 1321 1590 in
1351 1549 1528 1599 melius,
1568 1549 1673 1590 sicut

239 1626 280 1667 in
311 1626 620 1683 posterioribus
658 1626 857 1680 legimus,
902 1637 943 1667 et
965 1627 1009 1683 ⁵)
1044 1627 1249 1670 docemur
1279 1644 1449 1669 omnem
1482 1627 1675 1670 ordinem

239 1704 533 1761 rationemque
567 1704 763 1747 caritatis.

351 1783 640 1836 „confirmate
655 1783 699 1839 6)
728 1800 796 1824 me
828 1783 871 1824 in
901 1786 1139 1837 unguentis,
1170 1785 1321 1842 stipate
1338 1785 1380 1843 ⁷)
1411 1802 1477 1827 me
1511 1784 1553 1827 in
1585 1801 1671 1827 ma—

357 1968 397 2024 ¹)
428 1967 606 2024 Apocal.
638 1968 704 2017 II,
738 1965 803 2010 19.

355 2040 397 2092 ²)
429 2040 594 2081 Desunt
626 2038 773 2078 verba:
819 2037 897 2089 „id
931 2042 1039 2088 est,“
1074 2037 1117 2078 in
1150 2039 1244 2080 edd.
1278 2039 1338 2080 Μ,

353 2110 397 2166 3)
430 2110 516 2152 cfr.
548 2111 590 2151 11
609 2110 796 2151 Maccab.
827 2110 921 2159 xv,
954 2108 1020 2151 14.
1139 2109 1181 2164 4)
1212 2109 1321 2149 Edd.
1354 2109 1414 2149 M.
1448 2116 1606 2159 „ema

356 2181 397 2238 5)
430 2181 539 2222 Edd.
572 2181 640 2222 M·
666 2192 749 2232 „et
781 2181 1052 2221 edocemur.“
1172 2180 1216 2237 6)
1248 2179 1408 2223 Cantic.
1441 2181 1505 2231 II,
1536 2181 1574 2224 5.

356 2253 396 2309 ⁷)
428 2252 666 2309 Procopius
698 2268 747 2294 ex
781 2251 986 2305 Origene:
1047 2247 1371 2307 „Zzoesscioare‘
1407 2268 1467 2311 με
1497 2253 1548 2296 ἓν
1575 2251 1671 2310 μή·-

238 2326 383 2375 ),οις.“
440 2322 488 2368 Ὁ
517 2321 773 2384 Σύμμαχος
805 2321 946 2373 οὕτως
977 2323 1257 2368 ἒκδέδωκεν“
1304 2322 1677 2378 „summumne

235 2412 295 2456 με
326 2397 377 2441 ἒν
409 2391 610 2440 τ’ίνθει·“
657 2397 888 2440 τουτέστιν
927 2391 1117 2440 εὐώδεσι
1159 2395 1366 2453 δένδροις
1408 2399 1499 2445 τοῖς
1529 2395 1670 2440 καλὸν

237 2465 418 2526 καρπὸν
448 2468 634 2511 ποιοῦσι
664 2469 742 2511 καὶ
774 2465 1024 2521 ἀνθοῦντα,
1056 2468 1147 2510 τῶν
1178 2463 1373 2524 φαύλων
1402 2467 1668 2524 λεγομένων

237 2540 444 2598 δένδρων
471 2536 712 2595 ἀκάρπων,
743 2535 770 2594 ἢ
802 2535 1111 2595 κακοκτέρπων
1137 2532 1295 2582 ὄντων.
1350 2535 1466 2581 Τινά
1495 2538 1547 2581 δὲ
1575 2542 1667 2583 τῶν

238 2608 540 2669 ἀντιγράφων
569 2609 676 2667 ἔχει·
708 2611 988 2667 ,,στηρι’σατε’
1012 2625 1072 2666 με
1103 2609 1153 2653 ἐν
1184 2605 1433 2669 ἀμύραις.“
1465 2605 1525 2653 ιῸ
1556 2626 1666 2666 νοη-
1733 2668 1734 2674 1

237 2685 364 2737 τέον,
408 2677 434 2738 ἢ
463 2678 651 2730 πιστοὺς
678 2680 794 2738 μὲν,
835 2679 888 2725 οὐ
917 2677 1012 2738 μὴν
1042 2678 1101 2729 ὡς
1125 2684 1417 2737 χρηματίζειν
1444 2683 1558 2740 μέλη
1590 2684 1666 2738 τῆς
1733 2679 1734 2686 ³

238 2750 302 2809 μὴ
334 2748 524 2809 ἐχούσης
552 2754 720 2795 σπῖλον
748 2747 776 2806 ἢ
808 2751 982 2812 ῥυτίδα·
1016 2747 1043 2806 ἢ
1074 2750 1340 2808 ἀλλοτρίους
1367 2753 1444 2808 τῆς
1473 2756 1665 2803 πίστεως

239 2824 459 2883 Χριστοῦ.
523 2819 587 2867 To
619 2821 694 2866 δέ·
738 2820 1054 2878 ,,στοιβα’σατέ
1080 2839 1140 2879 με
1171 2823 1222 2869 ἐν
1248 2820 1477 2880 μήλοις·“
1507 2836 1664 2881 σαφη-

242 2896 374 2944 νίζων
413 2890 436 2937 ὁ
474 2889 751 2951 Σύμμαχος·
813 2895 1176 2949 ,,περικυλίσατέ
1208 2910 1268 2953 με
1304 2894 1492 2952 μῆλα·“
1545 2888 1658 2940 εἶπε.
