1763 3112
288 97 371 142 384
720 100 940 141 OfflGems
970 113 1014 142 m
1043 100 1283 142 Jnnssmmm

290 210 372 265 τὴν
414 215 528 267 μίαν
564 210 795 269 ἁμαρτίαν
838 214 1115 265 πενθοῦντα,
1167 214 1457 268 θρηνοῦντα;
1508 202 1708 270 ΟῦτοςΙ)

293 288 501 342 δηλονότι
531 290 730 332 ἐλπίδων
760 288 1030 348 κρειττόνων
1061 290 1194 331 ἐστίν.
1233 287 1375 332 ‘'Ooov
1403 288 1494 346 γὰρ
1511 290 1708 345 πλέονῖ)

292 371 465 411 καίεται.
499 365 587 410 ὑπὸ
618 369 693 421 τῆς
721 365 862 421 λύπης
876 370 955 411 τοῦ
977 364 1133 421 πυρὸς,
1167 369 1386 409 τοσοῦτον
1409 368 1588 421 μᾶλλον
1612 368 1710 410 ἐλε-

293 450 429 498 εῖται,
479 447 553 486 καὶ
587 445 710 487 ἔστιν
747 443 866 499 αὐτῷ
907 442 1073 500 χρόνος
1112 440 1333 499 αὐτάρκης
1369 445 1448 496 τῆς
1487 442 1712 492 κολάσεως

296 514 445 576 οὗτος,
487 519 589 569 ὅσος
631 521 789 576 ἐκείνῳ
819 521 998 564 δίδοται
1023 518 1192 576 χρόνος
1227 520 1452 569 κολάσεως
1490 523 1550 577 τῷ
1591 537 1712 577 πορ-

295 598 503 643 νεὺσαντι
545 602 619 640 καὶ
662 601 925 651 λυπηθέντι.
986 602 1077 640 Καὶ
1117 599 1217 641 ἐπεὶ
1249 594 1418 653 χρόνος
1447 599 1540 640 ἐστὶ
1570 595 1712 653 τούτῳ

295 679 371 730 τῆς
401 677 601 718 ἐνταῦθα
642 673 874 724 κολάσεως
916 674 1227 730 λυσιτελὴς,3)
1274 675 1349 718 διὰ
1397 678 1528 718 τοῦτο
1569 676 1715 732 ἐπρα-

293 752 579 810 γματεύσατο
610 751 802 796 κολάσαι
832 751 912 796 τὸν
942 751 1308 809 πεπορνευκότα,
1341 753 1416 793 καὶ
1446 750 1578 804 ἡνίκα
1611 750 1716 796 ἐκό-

295 835 433 874 λασεν
463 828 601 874 αὐτὸν
618 829 659 887 ⁴)
698 830 722 884 ἡ
755 829 898 885 λύπη,
946 835 1023 873 καὶ
1063 828 1155 874 εἶδε
1192 828 1274 883 τὴν
1311 827 1459 882 λύπην
1498 827 1711 887 αὐτάρκη,

296 913 434 966 φησί·
467 906 733 966 ,,μήποτε5)
765 911 814 968 τῇ
845 912 1143 965 περισσοτέρᾳ
1173 904 1290 966 λύπῃ
1311 909 1549 966 καταποθῇ
1576 905 1598 950 ὀ
1617 923 1713 950 τοι-

297 990 446 1041 οῦτος,
479 983 709 1043 κυρώσατε
749 990 810 1035 εἰς
849 985 990 1029 αὐτὸν
1028 983 1267 1042 ιῖγάπην.“
1325 981 1546 1033 Ἵῖκαστος
1582 982 1716 1041 ἡμῶν

320 1062 543 1114 ξετασὰτω
585 1064 665 1117 τὴν
705 1066 968 1118 συνείδησιν
1008 1062 1192 1115 ἑαυτοῦ,
1226 1064 1302 1103 καὶ
1332 1063 1462 1105 ἰδέτω
1493 1067 1537 1104 τί
1564 1060 1716 1120 ἥμαρ-

294 1158 384 1186 τεν.
436 1139 531 1184 Ὅτι
563 1142 636 1184 δεῖ
663 1138 803 1184 αὐτὸν
818 1144 1116 1194 κολασθῆναι,
1150 1139 1351 1196 εὐχέσθω
1377 1142 1438 1195 τῷ
1462 1142 1555 1195 θεῷ
1583 1141 1716 1182 τοῦτο

295 1218 344 1262 τὸ
377 1220 469 1274 πῦρ
504 1216 553 1260 τὸ
586 1218 636 1260 ἐν
664 1221 726 1273 τῷ
755 1217 960 1274 Ἱερεμίᾳ,
993 1215 1119 1271 ἥκειν
1149 1216 1214 1259 ἐπ’
1251 1214 1413 1259 αὐτόν·
1445 1213 1540 1260 εἶτα
1570 1214 1618 1259 τὸ
1642 1217 1718 1259 ἐπὶ

293 1300 509 1353 Σίμωνα,
559 1298 634 1337 καὶ
667 1292 896 1338 Κλεώπαν
936 1292 1177 1347 ἔληλυθὸς,
1223 1295 1298 1335 ἴνα
1335 1292 1399 1348 μὴ
1442 1296 1612 1353 τηρηθῇ
1652 1296 1713 1349 τῷ

296 1371 416 1430 ἄλλῳ
446 1378 578 1430 πυρί·
609 1376 647 1416 εἰ
677 1372 767 1429 γὰρ
796 1370 859 1427 μὴ
891 1373 1050 1426 ἔλαβεν
1082 1366 1250 1414 ἐνθάδε
1281 1368 1331 1413 τὸ
1360 1372 1468 1427 πῦρ,
1503 1370 1614 1413 ἀλλὰ
1640 1374 1718 1414 καὶ

294 1452 484 1509 ἥμαρτε,
518 1453 594 1493 καὶ
627 1450 677 1493 οὐ
696 1448 987 1507 πεᾳρόντικε,
1023 1446 1318 1504 τηρηθήσεται
1341 1449 1497 1505 ἐκείνῳ
1514 1451 1574 1505 τῷ
1593 1453 1716 1505 πυρί.

296 1530 481 1586 ,,Καὶ6)
524 1530 704 1585 ἐγένετο
745 1529 794 1570 ἐν
835 1529 884 1587 τῇ
925 1528 1090 1584 καρδίᾳ
1119 1543 1212 1583 μου
1243 1524 1301 1575 ὠς
1331 1529 1425 1582 πῦρ
1455 1523 1717 1581 καιόμενον,

297 1604 591 1665 φλεγόμενον
623 1607 673 1648 ἐν
703 1610 795 1653 τοῖς
826 1604 994 1653 ὀστέοις
1021 1621 1129 1660 μου.
1204 1607 1297 1646 Καὶ
1334 1609 1557 1662 παρεῖμαι
1594 1600 1719 1646 πάν-

296 1691 447 1740 τοθεν,
481 1688 558 1727 καὶ
590 1683 642 1727 οὐ
673 1681 876 1737 δύναμαι,
908 1686 1090 1738 ([ἔρειν·
1125 1679 1191 1725 ὅτι
1226 1679 1397 1736 ἤκουσα
1429 1681 1718 1738 ψόγονπολ-

1131 1762 1160 1782 “
1216 1759 1264 1804 Ὀ
1303 1755 1539 1817 ἄμεμπτος
1570 1756 1593 1801 ὁ
1623 1775 1719 1814 μα-

299 1765 392 1806 λῶν
423 1763 852 1818 συναθροιζομένων
883 1757 1124 1804 κύκλοθεν.

298 1838 453 1898 κάριος
477 1837 706 1896 Ἱερεμίας,
738 1837 837 1879 καθ’
872 1834 1162 1892 ὑπεξαίρεσιν
1190 1841 1305 1893 λέγω
1337 1834 1496 1881 τούτου
1525 1839 1605 1880 τοῦ
1635 1853 1719 1890 μι-

298 1920 409 1975 κροῦ
447 1913 794 1974 ἁμαρτήματος,
846 1916 922 1956 καὶ
968 1918 1011 1957 εἴ
1041 1930 1081 1955 τι
1122 1911 1230 1958 ἄλλο
1269 1915 1414 1971 βραχὺ
1453 1918 1717 1967 πεποίηκεν,

909 1987 1199 2004 xxxxxx

299 1997 490 2054 ἒψέγετο
524 1991 611 2037 ὑπὸ
644 1994 854 2036 πολλῶν·
895 1992 1006 2032 αλλα
1046 2008 1067 2034 ο
1114 2008 1202 2034 υπο
1220 1991 1260 2047 ⁷)
1291 1995 1380 2034 τῶν
1409 1993 1594 2035 πολλῶν
1625 1987 1719 2044 ψό-

418 2191 458 2247 ¹)
487 2191 543 2231 H.
576 2190 627 2231 ad
657 2189 907 2242 marginem:
938 2189 1071 2239 „Cod.
1096 2188 1340 2230 Vaticanus:
1373 2179 1500 2238 οὗτος
1518 2188 1720 2233 ἐλπίδων

300 2248 436 2291 ἐστίν.
498 2246 757 2288 Ghislerius:
790 2249 1002 2297 ἐλπίζων·
1038 2243 1148 2289 ὅσου
1179 2249 1359 2289 πλέον.“

416 2316 458 2373 ²)
488 2317 543 2358 H.
574 2316 615 2357 in
647 2328 783 2358 textu:
816 2319 1024 2365 ,,πλείω.“
1054 2341 1107 2348 -
1139 2315 1225 2358 Cfr.
1256 2332 1348 2372 pag.
1378 2314 1463 2374 huj.
1494 2325 1582 2356 not.
1614 2313 1651 2357 1.

414 2389 456 2442 3)
486 2388 540 2428 H.
571 2387 615 2427 in
647 2398 785 2427 textu:
816 2388 1146 2435 ,,λυσιτελοῦς,“
1184 2387 1236 2427 ad
1266 2403 1393 2439 marg.
1425 2401 1551 2427 vero:
1581 2384 1718 2435 „Cod.

296 2444 543 2485 Vaticanus:
575 2441 843 2497 lvotrehffgf‘

415 2514 457 2570 ⁴²)
489 2513 540 2554 H.
570 2513 612 2553 in
644 2525 779 2554 textu:
812 2510 979 2563 „qude
997 2509 1155 2571 λύπῃ,“
1187 2512 1239 2552 ad
1269 2528 1395 2564 marg.
1428 2528 1550 2552 vero:
1583 2510 1716 2560 „Cod.

298 2571 544 2612 Vaticanus:
577 2570 718 2613 αὐτὸν
748 2570 770 2624 ἡ
806 2568 971 2622 λύπη.“

415 2641 456 2697 ⁵)
489 2641 574 2683 cfr.
607 2642 646 2681 11
679 2640 776 2681 Cor.
809 2641 863 2688 Π,
896 2641 932 2682 7.
961 2638 1001 2682 8.

414 2711 456 2767 ⁶)
489 2711 574 2752 Cfr.
607 2712 763 2752 Jerem.
794 2711 889 2759 XX,
919 2710 957 2753 9.
991 2710 1055 2753 10.

414 2781 455 2838 ⁷)
486 2782 538 2822 H.
572 2782 614 2823 in
644 2793 778 2822 textu:
806 2781 951 2829 ,,ἒπι’,“
981 2781 1033 2820 ad
1064 2796 1191 2832 marg.
1225 2796 1342 2820 vero:
1382 2779 1518 2829 ‚„Cod.
1550 2774 1715 2816 Vatica-

299 2854 395 2880 nus:
430 2837 560 2881 ὑπό.“
