1734 3112
224 141 279 184 42
515 140 737 182 OmGENJs
768 150 813 181 m
843 139 1026 183 Carme.
1059 139 1363 184 CANTmomJM

224 252 371 306 Igitur,
400 264 446 294 ut
475 269 540 294 res
570 253 741 306 indicat,
771 253 898 295 etiam
926 270 1003 310 per
1033 252 1218 296 hiemem
1247 271 1426 313 sponsae
1453 271 1551 298 suae
1577 274 1651 313 ap-

225 343 357 387 paret,
386 330 431 373 id
461 343 536 383 est,
565 331 891 375 tribulationum
925 343 966 373 et
990 331 1277 375 tentationum
1305 345 1514 390 tempore.
1562 336 1648 377 Sed

226 421 267 451 et
295 408 377 451 alia
407 421 468 452 est
504 409 636 466 illa¹)
667 409 876 461 visitatio,
913 410 955 451 in
986 426 1067 468 qua
1098 409 1289 454 visitatur
1326 412 1571 469 paululum,
1610 425 1653 455 et

225 487 378 530 iterum
409 487 629 539 deseritur,
659 500 706 529 ut
736 490 957 545 probetur,
987 505 1035 530 ac
1065 504 1207 530 rursus
1237 489 1477 546 requiritur,
1508 477 1555 532 ut
1586 508 1652 533 ca—

223 577 302 623 put
331 565 420 626 ejus
449 577 718 617 sustentetur,
748 578 791 608 et
814 578 862 608 ut
885 578 975 609 tota
1003 567 1326 623 complectatur,
1355 584 1409 609 ne
1439 569 1551 611 forte
1582 581 1654 611 aut

225 644 266 686 in
297 644 382 686 fide
410 643 579 695 titubet,
609 655 680 686 aut
709 660 863 701 corpus
899 643 987 703 ejus
1016 644 1299 687 tentationum
1323 647 1515 702 pondere
1532 664 1654 705 prae·

223 735 430 778 gravetur.
488 722 545 764 Et
575 722 674 764 ideo
706 722 874 765 videtur
910 722 1015 765 mihi
1053 723 1187 765 hiems
1228 722 1355 766 fuisse
1396 724 1506 767 illud
1545 737 1651 767 tem-

224 819 324 859 pus,
366 819 463 844 cum
495 812 621 858 caput
658 817 804 852 suum,
845 801 948 844 fidei
984 800 1147 844 scilicet
1183 801 1490 855 summitatem,
1534 804 1652 848 laeva

224 880 368 936 sponsi
385 881 427 937 2)
460 879 669 922 contineri
696 881 923 937 poscebat,
955 891 997 921 et
1023 880 1192 922 dextera
1222 878 1310 938 ejus
1340 897 1467 923 omne
1499 898 1652 939 corpus

224 958 437 1017 amplecti.
496 959 619 1001 Nunc
649 970 791 1000 autem
828 959 906 1002 ista
936 958 1066 1010 visio,
1105 974 1212 1016 quae
1252 959 1305 1000 de
1334 959 1552 1002 montibus
1581 977 1655 1018 ap-

223 1048 357 1096 paret,
387 1048 431 1078 et
461 1036 657 1088 collibus,
687 1036 915 1090 gratiarum
944 1049 1050 1095 puto
1082 1036 1367 1094 spiritualium
1395 1038 1653 1090 altitudines,

222 1114 520 1175 potentiasque
552 1115 752 1168 designat.
771 1114 813 1170 ³)
873 1116 961 1158 Sed
999 1127 1040 1158 et
1068 1131 1147 1172 per
1176 1116 1377 1158 fenestras
1409 1117 1525 1173 quod
1553 1133 1654 1173 pro-

222 1195 386 1252 spicere
435 1193 609 1246 dicitur,
652 1193 842 1236 sensibus
888 1193 995 1236 mihi
1037 1194 1182 1236 lumen
1234 1194 1402 1236 videtur
1435 1196 1653 1252 praebere.

223 1273 278 1316 Et
307 1273 424 1325 retia,
457 1288 563 1330 quae
595 1272 820 1330 dirumpit,
853 1285 895 1315 et
927 1272 1121 1323 conterit,
1155 1273 1330 1330 laqueos
1359 1272 1537 1315 indicari
1568 1272 1655 1315 dia-

221 1352 390 1394 bolicos
418 1362 541 1408 put0,
570 1362 722 1408 utpote
752 1351 1036 1393 tentationum
1064 1362 1261 1407 tempore
1290 1362 1489 1407 tanquam
1514 1351 1654 1394 hieme

224 1430 307 1489 jam
335 1441 516 1487 peracta.
578 1429 872 1471 Ostenduntur
902 1429 1030 1471 etiam
1068 1427 1184 1482 signa
1221 1429 1351 1480 veris,
1394 1441 1436 1471 et
1473 1430 1654 1480 aestatis,

222 1509 332 1551 sicut
360 1508 404 1550 in
432 1506 613 1550 Psalmis
643 1506 808 1549 dictum
840 1518 923 1549 cst:
957 1518 1184 1559 „aestatem
1199 1506 1242 1564 4)
1275 1518 1316 1548 et
1334 1523 1422 1558 ver,
1451 1519 1497 1548 tu
1516 1508 1653 1550 fecisti

224 1593 319 1629 ca.“
365 1588 471 1629 Inde
501 1585 687 1642 denique
720 1598 762 1628 et
790 1587 917 1627 flores
947 1586 1222 1642 profectuum
1254 1584 1437 1641 protulit
1466 1586 1656 1637 ecclesia,

225 1665 528 1708 tentationibus
558 1664 779 1720 superatis,
811 1675 854 1706 et
873 1663 1106 1720 putationis
1122 1663 1164 1720 5)
1190 1662 1502 1719 dispensatione
1524 1675 1655 1707 trans-

223 1756 336 1795 acta,
368 1742 477 1785 sicut
512 1743 555 1783 in
585 1742 669 1783 suis
698 1741 830 1793 loeis,
871 1758 968 1783 cum
997 1742 1051 1782 ad
1079 1741 1182 1782 haec
1213 1740 1453 1782 disserenda
1481 1754 1653 1785 ventum

223 1821 365 1873 fuerit,
396 1821 654 1862 ostendetur.
716 1820 863 1871 „Ecce
879 1820 923 1877 ⁶)
952 1820 1021 1861 hic
1053 1818 1168 1860 venit
1196 1818 1348 1861 saliens
1378 1835 1507 1876 super
1533 1836 1655 1861 mon-

225 1913 310 1951 tes,
350 1898 599 1943 transiliens,
620 1914 748 1955 super
788 1897 971 1940 colles.“
1029 1895 1294 1938 Historicum
1334 1896 1529 1939 ordinem
1571 1896 1654 1955 jam

223 1977 440 2036 prosecuti
467 1993 625 2020 sumuS.
683 1977 807 2019 Nunc
836 1986 999 2026 autem,
1030 1976 1251 2032 quomodo
1285 1974 1474 2017 Christus
1504 1977 1558 2018 ad
1587 1993 1655 2019 ec-

222 2056 397 2099 clesiam
427 2055 611 2106 veniens,
645 2055 767 2097 saliat
796 2070 923 2111 super
951 2064 1134 2105 montes,
1166 2064 1207 2094 et
1225 2052 1387 2094 exsiliat
1403 2070 1531 2111 super
1562 2055 1651 2096 col-

223 2137 305 2187 les,
336 2133 568 2176 videndum
599 2145 672 2176 est⁴
716 2133 924 2175 Exsiliens
955 2131 1068 2174 enim
1097 2132 1227 2186 magis
1257 2147 1385 2188 quam
1414 2133 1653 2176 transiliens

222 2212 435 2271 propositi
475 2211 681 2254 sermonis
720 2211 960 2269 proprietas
999 2211 1137 2252 habet.
1197 2211 1313 2253 Isaac
1351 2209 1464 2252 enim
1507 2213 1655 2253 ambu-

223 2293 314 2333 lans
339 2303 382 2333 et
411 2289 686 2348 progrediens
715 2289 853 2348 major
880 2290 1023 2340 fiebat,
1052 2304 1186 2346 usque
1216 2305 1300 2346 quo
1332 2289 1455 2331 fieret
1479 2305 1655 2343 magnus

225 2370 360 2411 valde.
420 2368 579 2412 Paulus
608 2379 751 2409 autem
786 2383 873 2408 non
909 2366 996 2425 jam
1032 2366 1289 2408 ambulando
1327 2367 1534 2424 profecit,
1577 2369 1652 2409 sed

224 2448 458 2497 currendo,
489 2463 586 2488 cum
617 2445 739 2488 dicit:
772 2461 978 2496 „cursum
995 2444 1037 2501 7)
1070 2446 1410 2489 consummavi.“
1456 2447 1653 2491 Salvator

345 2630 387 2689 ¹)
417 2630 552 2672 Deest
581 2628 730 2682 „illa“
760 2627 802 2670 in
834 2627 929 2669 edd.
961 2627 1024 2670 Μ.

343 2701 388 2758 ²)
416 2701 526 2743 Edd.
558 2701 620 2743 M.
651 2697 832 2757 „sponsi
859 2697 1022 2740 scilicet
1052 2699 1260 2743 contineri
1272 2705 1297 2726 “
1328 2713 1407 2744 etc.

341 2772 387 2828 ³)
417 2772 527 2813 Edd.
556 2771 618 2814 M.
649 2769 927 2824 ‚,designet.“
1048 2770 1090 2827 4)
1120 2771 1274 2814 Psalm.
1307 2771 1503 2823 LXXIV,
1533 2771 1598 2818 17.

345 2843 387 2899 ὀ)
421 2842 527 2885 Cod.
559 2840 837 2883 Turonensis:
875 2841 1208 2893 „tentationis.“
1266 2843 1318 2885 R.

346 2912 390 2968 6)
423 2910 582 2955 Cantic.
614 2911 671 2961 II,
699 2909 740 2955 8.
861 2911 902 2967 ⁷)
934 2911 977 2952 II
998 2909 1108 2953 Tim.
1140 2911 1214 2963 IV,
1245 2911 1283 2956 7.
