1763 3112
606 62 801 104 ΗοΜηῐΑ
833 64 951 106 ΧΧΙ.
1406 69 1491 114 409

77 175 404 215 adulterantur.“

448 175 546 215 Non
579 191 689 227 ergo,
719 187 766 216 ut
793 174 963 231 quidam
984 175 1230 226 existimant,
1256 178 1372 222 Deus
1387 197 1488 237 pec.

80 263 238 292 catores
255 250 378 305 punit
396 250 542 303 iratus;
573 253 658 304 sed,
691 251 724 292 si
748 251 806 293 sic
833 253 1002 308 expedit
1022 254 1156 310 loqui,
1184 271 1330 306 magna
1350 256 1410 299 ira
1427 271 1488 300 est

78 345 100 368 a
117 329 211 368 Deo
240 338 450 367 tormenta
474 345 561 368 non
577 329 754 384 perpeti.
800 329 886 384 Qui
909 330 1019 371 enim
1040 331 1226 386 punitur,
1259 333 1422 375 etiamsi
1439 339 1490 377 ab

79 422 137 455 ea,
158 421 262 460 quae
282 416 456 445 vocatur
471 405 531 446 ira
544 406 642 457 Dei,
662 406 900 462 corripitur,
920 409 972 448 ad
988 409 1069 449 hoc
1086 409 1272 465 punitur,
1289 422 1336 450 ut
1350 427 1490 454 emen-

78 483 210 523 detur.
276 481 512 533 ,‚Domine‚
534 483 572 539 ¹)
605 482 661 523 ait
690 484 852 534 David,
886 502 937 526 ne
969 485 1013 526 in
1043 486 1104 527 ira
1133 498 1203 528 tua
1233 504 1376 541 arguas
1407 506 1490 541 me,

75 575 211 615 neque
247 559 288 599 in
319 560 462 600 surore
493 571 568 600 tuo
601 560 803 616 corripias
832 569 943 604 me.“
1014 563 1099 605 Sed
1140 564 1300 606 etiamsi
1329 582 1490 619 argues,

14 686 17 687 ⁷
75 653 199 689 argue
229 652 306 677 nos
338 636 381 677 in
411 636 592 694 judicio,
638 649 679 678 et
715 654 802 679 non
833 639 875 680 in
913 641 1080 691 furore,
1135 641 1237 683 dixit
1271 641 1489 686 Jeremias.

73 713 265 755 Invenies
294 726 434 755 autem
475 714 600 756 etiam
642 731 689 755 ex
728 716 1056 772 repromissione
1097 716 1182 758 Dei
1212 718 1256 759 in
1286 721 1491 776 quosdam

76 791 392 848 correptionem
423 791 525 834 dari.
543 793 584 848 ²)
644 793 748 833 Ideo
781 809 876 834 cum
905 794 1177 849 peccantibus
1209 795 1362 838 Christi
1393 798 1491 840 filiis

75 886 211 925 poena
230 869 507 926 promittitur,
539 869 831 911 misericordia
851 887 937 911 non
960 871 1199 923 denegatur,
1228 885 1274 913 ut
1291 875 1494 931 scriptum

71 961 154 990 est:
188 948 308 1002 ‚,si3)
343 946 641 1003 dereliquerint
664 946 742 987 filii
767 946 853 1004 ejus
883 947 1021 1000 legem
1049 964 1209 1000 meam,
1242 962 1282 991 et
1312 951 1356 991 in
1386 951 1495 1009 judi—

73 1026 145 1067 ciis
173 1025 277 1065 meis
307 1041 393 1065 nou
423 1024 749 1065 ambulaverint:
780 1024 814 1064 si
844 1023 1022 1081 justitias
1052 1042 1165 1068 meas
1195 1030 1488 1083 prophanave-

70 1104 175 1153 rint‚
219 1113 259 1143 et
297 1102 491 1143 mandata
519 1117 613 1143 mea
642 1117 729 1142 non
762 1102 1062 1153 custodierint,
1092 1103 1274 1145 visitabo
1305 1105 1348 1146 in
1378 1106 1493 1160 virga

70 1181 256 1222 facinora
287 1195 458 1229 eorum,
491 1190 532 1220 et
562 1179 603 1219 in
634 1178 808 1231 flagellis
838 1179 1079 1235 iniquitates
1116 1197 1285 1222 eorum:
1325 1183 1489 1225 miseri—

72 1258 259 1300 cordiam
291 1269 432 1298 autem
462 1272 599 1297 meam
631 1272 718 1296 non
749 1256 984 1312 dispergam
1025 1259 1076 1298 ab
1115 1258 1206 1300 iis.“
1274 1261 1357 1302 Ista
1389 1278 1490 1303 con-

71 1337 256 1378 siderans
283 1336 393 1385 vide,
426 1335 643 1390 quomodo
674 1335 856 1375 necdum
886 1350 1025 1390 poena
1056 1335 1201 1387 dignus
1223 1337 1289 1388 sit,
1320 1339 1392 1395 qui
1421 1357 1489 1381 us-

71 1432 151 1472 que
182 1416 234 1456 ad
262 1429 456 1470 praesens
493 1423 660 1468 tempus
702 1412 929 1453 committit
969 1413 1148 1465 scelera,
1194 1431 1271 1457 nec
1301 1416 1485 1472 punitur.

70 1492 262 1534 Visitatio
284 1491 442 1548 quippe
462 1490 548 1531 Dei
577 1506 655 1546 per
685 1490 838 1531 visitati
867 1501 1077 1532 tormenta
1103 1505 1382 1536 monstratur:
1413 1497 1486 1552 qui

70 1584 208 1614 autem
238 1585 416 1627 peccans
460 1568 706 1624 corripitur,
750 1567 906 1617 nescis,
959 1568 1061 1624 quid
1101 1569 1138 1610 ei
1180 1584 1368 1614 excurrat
1406 1591 1484 1630 pro

67 1666 218 1706 poena.
262 1648 377 1688 Haec
392 1658 571 1702 propter
586 1646 680 1695 hoc,
713 1647 827 1701 quod
858 1645 1018 1687 dietum
1050 1659 1134 1689 cst:
1167 1649 1349 1707 ‚‚quia⁴)
1380 1664 1486 1694 tem-

69 1746 147 1785 pus
176 1726 386 1768 vindictae
420 1723 505 1782 ejus
537 1741 559 1765 a
587 1723 780 1764 Domino
814 1729 915 1764 est.“

182 1805 220 1847 6,
266 1802 489 1859 Sequitur:
537 1801 958 1856 „retributionem⁵)
1010 1802 1101 1858 ipse
1145 1806 1352 1847 retribuet
1405 1807 1484 1849 ei.“

69 1886 166 1924 Non
197 1897 275 1938 per
302 1881 516 1922 ministros
547 1880 751 1920 retribuet
780 1878 991 1936 Babyloni
1020 1880 1160 1931 Deus,
1200 1884 1270 1923 sed
1304 1883 1393 1939 ipse
1422 1903 1487 1926 re-

66 1960 294 2012 tribuet,⁶)
329 1957 444 2014 quod
472 1968 669 1998 meretur.
738 1957 851 1996 Volo
894 1956 1095 2013 quiddam
1127 1958 1266 2001 dicere
1297 1961 1338 2002 in
1371 1965 1486 2006 addi-

65 2049 252 2079 tamento
283 2035 548 2093 pronominis
585 2034 627 2076 in
670 2050 744 2084 ee,
794 2035 910 2090 quod
949 2035 1165 2077 scribitur:
1206 2037 1389 2094 „ipse:“
1429 2041 1488 2082 ait

68 2115 199 2157 enim:
230 2112 640 2168 „retributionem⁷)
670 2112 760 2169 ipse
790 2111 995 2153 retribuet
1027 2113 1106 2155 ei.“
1160 2115 1256 2156 Non
1292 2117 1485 2161 omnibus

64 2193 183 2233 Deus
203 2191 293 2247 ipse
313 2189 522 2241 retribuit,
554 2207 658 2247 quae
689 2201 917 2240 merentur,
948 2192 1023 2232 sed
1052 2204 1148 2233 sunt
1173 2193 1358 2249 quidam,
1392 2197 1484 2252 qui-

65 2272 142 2311 bus
172 2285 250 2326 per
280 2266 384 2310 alios
411 2267 614 2319 restituit,
658 2268 744 2310 sive
783 2267 985 2324 puniens,
1039 2269 1126 2311 sive
1163 2271 1376 2314 medicans
1405 2290 1484 2331 per

184 2508 225 2564 ¹)
255 2507 411 2549 Psalm.
442 2506 515 2556 Vl,
547 2505 584 2549 1.

183 2585 228 2640 ²)
259 2585 368 2626 Edd.
400 2583 463 2625 Μ.
496 2582 614 2634 „dari
642 2582 687 2625 in
717 2599 788 2626 eo:
821 2589 945 2626 cum“
976 2596 1057 2627 etc.

182 2663 225 2719 3)
255 2662 409 2704 Psalm.
440 2661 679 2712 LXXXIX,
702 2660 880 2706 30—33.
911 2661 1235 2719 (LXXXVIII.)

184 2741 227 2797 ⁴)
257 2741 410 2782 Jerem.
440 2739 510 2789 LI,
539 2738 578 2782 6.
752 2739 795 2796 ⁵)
826 2740 981 2782 Jerem.
1011 2741 1082 2791 LI,
1113 2740 1151 2784 6.

183 2818 226 2873 ⁶)
257 2816 368 2859 Edd.
396 2816 457 2859 Μ.
491 2815 753 2867 ‚‚retribuit.“
872 2816 914 2874 ⁷)
943 2816 1099 2860 Jeretn.
1130 2818 1200 2869 LI,
1230 2816 1270 2862 6.
