1734 3112
227 98 312 143 220
655 96 876 139 Omssnms
905 108 949 137 ῙΝ
982 95 1007 136 J
1014 105 1224 136 smmum

227 221 365 268 ματι·
416 207 555 259 οὕτως
601 206 657 264 δὴ
700 208 785 268 ἐρῶ
825 210 903 252 καὶ
947 210 1036 265 γῆν
1075 208 1291 263 λέγεσθαι
1330 203 1409 249 τὸν
1452 205 1529 248 ἐπὶ
1571 208 1652 260 γῆς

229 290 507 347 τεταγμένον
538 282 752 344 ἄγγελον,
785 288 862 330 καὶ
892 282 1016 344 ὕδωρ
1046 286 1262 341 λέγεσθαι
1291 279 1371 326 τὸν
1392 281 1470 324 ἐπὶ
1490 277 1653 330 ὕδατος

229 367 507 423 τεταγμένον
547 359 768 422 ἄγγελον,
809 362 908 407 καθ’
946 359 968 406 ὃ
1008 363 1229 406 λέλεκται·
1274 356 1565 416 ,,εἴὸ“οσάν’)
1604 372 1654 402 σε

229 441 374 488 ὕδατα
406 441 428 488 ὁ
460 440 588 497 θεὸς,
620 439 809 486 εἴδοσάν
838 454 887 484 σε
918 437 1083 495 ὕδατα,
1116 441 1194 482 καὶ
1224 436 1545 497 ἐφοβήθησαν,
1579 437 1657 479 καὶ
1732 445 1734 448 ⁴

231 520 553 580 ἐταράχθησαν
583 514 786 574 ἄβυσσοι.
848 520 1035 572 Πλῆθος
1076 512 1213 574 ἤχους
1248 513 1451 570 ὑδάτων,
1492 511 1657 572 φωνὴν

228 600 407 644 ἔδωκαν
449 601 496 641 αἱ
540 599 752 655 νεφέλαι·
799 597 876 639 καὶ
912 593 1004 653 γὰρ
1043 593 1098 638 τὰ
1139 596 1245 651 βέλη
1284 607 1367 638 σου
1407 590 1657 651 διαπορεύ-

231 676 418 722 ονται.“

343 753 381 798 7.
429 752 846 810 ,,Ἐγκαταλέλοιπα
861 750 905 805 2)
943 747 1025 794 τὸν
1066 744 1193 793 οἶκόν
1231 765 1347 807 μου,
1390 747 1549 807 ἀφῆκα
1578 745 1662 803 τῆν
1725 771 1728 783 ·

230 834 541 890 κληρονομίαν
578 846 693 887 μου,
736 830 885 873 ἔδωκα
922 827 1005 883 τὴν
1039 827 1344 885 ἠγαπημένην
1383 824 1541 885 ψυχήν
1567 842 1661 885 μου

230 913 292 959 εἷς
314 913 473 966 χεῖρας
503 908 684 966 ἐχθρῶν
714 905 899 962 αὐτῆς.“
939 901 1029 950 Ἴδε
1058 921 1141 965 μοι
1170 902 1251 949 τὸν
1280 905 1331 948 ἐν
1358 907 1519 965 μορφῇ
1548 905 1660 949 θεοῦ

231 985 501 1044 ὑπάρχοντα
534 980 644 1030 ὅντα
676 986 726 1030 ἐν
755 989 848 1035 τοῖς
870 982 1099 1042 οὐρανοῖς.
1133 977 1222 1027 ”[δ“ε
1254 981 1391 1027 αὐτοῦ
1420 980 1502 1026 τὸν
1532 975 1661 1026 οἶκον

229 1061 582 1123 ὑπερουράνιον.
621 1066 680 1106 Εἰ
708 1059 863 1119 βούλει
893 1063 971 1105 καὶ
1001 1057 1287 1119 ὑψηλότερον
1307 1061 1439 1115 ἰδεῖν,
1474 1057 1536 1103 ὅτι
1570 1055 1661 1117 ἐγώ

230 1143 280 1187 ἐν
311 1145 372 1199 τῷ
403 1145 566 1199 πατρί·
614 1141 684 1185 ἴδε
715 1139 853 1184 αὐτοῦ
897 1135 1026 1183 οἶκον
1057 1132 1164 1181 ὅντα
1205 1135 1287 1182 τὸν
1314 1134 1442 1183 θεόν.
1503 1141 1662 1181 Κατα-
1732 1166 1734 1172 ·

232 1224 376 1266 λείπει
406 1217 486 1263 τὸν
514 1220 714 1275 πατέρα,
746 1218 823 1260 καὶ
852 1213 938 1270 τὴν
964 1216 1160 1275 μητέρα,
1198 1213 1280 1270 τὴν
1309 1210 1405 1259 ἅνω
1433 1212 1663 1274 ιῙερουσα-
1730 1259 1734 1270 ⁴

235 1295 347 1355 λὴμ,
390 1298 468 1340 καὶ
497 1296 673 1355 ἔρχεται
703 1294 764 1343 εἷς
793 1292 873 1337 τὸν
902 1297 1137 1351 περίγειον
1165 1290 1334 1349 τόπον,
1376 1297 1457 1336 καί
1493 1305 1661 1350 φησιν·
1732 1290 1734 1337 ἶ

234 1371 688 1434 ,,ἒγκαταλέλοιπα3)
719 1369 799 1416 τὸν
830 1365 958 1415 οἶκόν
985 1386 1101 1428 μου,
1137 1368 1300 1428 ἀφῆκα
1328 1368 1411 1426 τὴν
1441 1373 1663 1429 κληρονο-
1733 1399 1734 1415 ι

233 1458 350 1513 μίαν
365 1453 505 1511 μου.“
532 1450 710 1505 Ἐκείνη
730 1445 821 1508 γὰρ
844 1440 901 1502 ἦν
921 1446 947 1503 ἡ
967 1449 1248 1506 κληρονομία
1270 1446 1425 1504 αὐτοῦ,
1442 1446 1496 1491 τὰ
1514 1453 1664 1506 χωρία
1730 1465 1734 1495 ,·

235 1530 289 1576 τὰ
318 1528 434 1589 μετὰ
465 1532 557 1574 τῶν
587 1528 811 1586 ἀγγέλων,
843 1525 870 1582 ἡ
902 1522 1024 1576 τάξις
1054 1524 1213 1584 ἡμετὰ
1236 1529 1329 1570 τῶν
1348 1522 1496 1582 ἁγίων
1518 1521 1665 1570 δυνὰ-
1732 1531 1734 1566 ὲ

233 1625 375 1667 μεων.
418 1604 628 1664 ,ξἘδωκα
641 1606 684 1663 4)
714 1604 796 1662 τὴν
820 1604 1123 1663 ἠγαπημένην
1142 1601 1298 1662 ψυχήν
1321 1618 1414 1660 μου
1431 1605 1492 1652 εἰς
1509 1609 1667 1664 χεῖρας
1729 1601 1734 1651 «j

238 1688 419 1746 ἐχθρῶν
450 1684 638 1738 αὐτῆς.“
696 1684 974 1741 Παρέδωκεν
1004 1681 1144 1726 αὐτοῦ
1174 1680 1257 1737 τὴν
1297 1679 1454 1739 ψυχὴν
1489 1685 1549 1730 εἰς
1589 1680 1667 1732 τὰς
1732 1683 1734 1731 j

231 1770 388 1822 χεῖρας
417 1765 509 1807 τῶν
539 1762 720 1820 ἐχθρῶν
750 1764 825 1816 τῆς
855 1763 1019 1818 ψυχῆς,
1053 1764 1115 1811 εἰς
1138 1766 1296 1820 χεῖρας
1313 1760 1549 1803 Ἰουδαίων
1577 1762 1668 1803 τῶν
1732 1758 1734 1792 ἱ

238 1837 608 1885 ἀποκτεινάντων
629 1838 782 1893 αὐτὸν,
816 1841 877 1887 εἰς
897 1844 1055 1895 χεῖρας
1080 1835 1317 1898 ἀρχόντων
1346 1840 1669 1894 συναχθέντων
1732 1853 1734 1870 ·

237 1919 328 1964 κατ’
363 1918 517 1974 αὐτοῦ,
551 1921 612 1978 εἰς
635 1922 792 1975 χεῖρας
819 1918 1068 1971 βασιλέων·
1102 1913 1175 1959 ὅτε
1204 1916 1589 1975 ,,παρέστησαν5)
1624 1919 1668 1960 οἱ
1732 1919 1734 1931 ¹

236 2001 435 2055 βασιλεῖς
468 2000 544 2050 τῆς
585 1999 689 2053 γῆς,
733 1996 810 2038 καὶ
853 1996 897 2038 οἱ
926 1989 1140 2051 ἄρχοντες
1182 1991 1480 2050 συνήχθησαν
1511 1994 1588 2036 ἐπὶ
1618 1985 1669 2037 τὸ
1732 1981 1734 2016 !

239 2074 349 2121 αὐτὸ
380 2073 494 2119 κατὰ
524 2079 604 2119 τοῦ
636 2076 819 2131 κυρίου,
854 2074 930 2115 καὶ
961 2069 1073 2115 κατὰ
1103 2073 1182 2116 τοῦ
1214 2073 1416 2128 Χριστοῦ
1449 2071 1640 2116 αὐτοῦ.“
1733 2130 1734 2133 ¹

349 2153 391 2198 8.
423 2151 678 2211 ,,Ἐγενήθη
694 2152 738 2208 ⁶)
770 2149 792 2204 ἦ
827 2153 1108 2210 κληρονομία
1136 2165 1229 2205 μου
1260 2149 1363 2207 ἐμοὶ
1395 2147 1455 2199 ὠς
1484 2152 1599 2194 λέων
1619 2151 1670 2195 ἐν

240 2233 455 2293 δρυμῷ.“
513 2228 641 2287 Αὕτη
671 2231 749 2274 ἐπὶ
777 2232 863 2288 γῆς
893 2229 1172 2284 κληρονομία
1213 2224 1377 2283 αὐτοῦ,
1419 2224 1478 2281 ἣν
1507 2231 1668 2285 κεκλη«
1730 2257 1734 2264 -

239 2309 511 2368 ρονόμηκεν,
545 2304 836 2366 ἐπεθηριώθη
856 2305 971 2367 πρὸς
992 2303 1148 2362 αὐτὸν,
1180 2307 1259 2348 καὶ
1286 2307 1481 2363 γέγονεν
1510 2305 1536 2362 ἡ
1560 2310 1671 2362 κλη-
1728 2326 1734 2354 ·:

241 2393 438 2445 ρονομία
465 2387 700 2441 Ἰουδαῖοι,
734 2382 1141 2442 ἒξαγριωθέντεςῚ)
1171 2382 1262 2426 κατ’
1299 2383 1439 2428 αὐτοῦ
1467 2382 1526 2434 ὠς
1555 2388 1670 2430 λε’ων
1731 2375 1734 2381 ¹

242 2467 294 2512 ἐν
318 2467 494 2525 δρυμῷ.
531 2464 596 2507 Οὐ
627 2461 912 2520 θαυμαστὸν,
946 2465 985 2506 εἰ
1008 2459 1105 2506 τότε
1131 2461 1308 2519 ἐγένετο
1339 2460 1366 2516 ἤ
1389 2464 1669 2523 κληρονομία
1725 2477 1734 2518 a:

368 2627 407 2684 ¹)
437 2625 591 2668 Psahn.
618 2624 845 2676 LXXVII,
876 2624 939 2670 16.
973 2624 1037 2669 17.
1070 2624 1313 2681 (LXXVI.)

364 2698 407 2753 2)
436 2698 591 2738 Jerem.
620 2695 729 2746 XII,
759 2695 798 2738 7.
917 2696 962 2752 ³)
991 2696 1148 2738 Jerem.
1180 2695 1290 2745 XII,
1321 2693 1359 2737 7.

367 2767 409 2824 ⁴)
436 2768 593 2809 Jerem.
623 2766 728 2817 XII,
761 2765 798 2808 7.
920 2765 962 2822 ⁵)
993 2766 1146 2808 Psalm.
1178 2766 1246 2816 II,
1276 2764 1316 2808 2.

363 2838 406 2895 6)
435 2838 590 2881 Jerem.
609 2836 709 2888 XII,
723 2836 763 2880 8.
828 2836 871 2893 ⁷)
899 2835 1009 2879 Edd.
1025 2836 1079 2878 H.
1101 2847 1143 2878 et
1160 2835 1211 2878 R.
1228 2835 1670 2896 ,,ἒξαγριωθε’ντης.“
