1734 3112
228 112 257 155 ὃ
491 110 712 152 Onffissms
743 121 788 152 m
819 109 1059 152 CANrmum
1099 110 1401 153 CANncomm

234 240 422 281 pressos,
461 224 612 280 quibus
652 235 692 264 et
723 223 933 266 fortitudo
974 222 1211 272 robustior,
1253 222 1351 278 et¹)
1385 222 1494 264 odor
1525 224 1661 266 suavi-

234 301 329 342 tatis
360 301 479 352 inest,
509 318 586 358 per
617 303 731 358 quod
766 313 806 343 et
836 303 878 342 in
899 300 1098 358 operibus
1133 299 1332 350 solidum,
1363 311 1403 341 et
1435 299 1474 341 in
1507 301 1662 343 doctri—
1720 297 1722 300 ’

236 395 312 420 nae
342 379 470 432 gratia
501 381 752 432 fragrantem
796 378 983 432 designat
1022 377 1284 434 episcopum.
1346 377 1553 419 Similiter
1591 395 1662 420 au·
1721 408 1727 426 ,v

235 468 321 498 tem
361 469 402 498 et
430 458 541 511 tigna
573 458 721 499 cedros
754 455 1006 513 appellavit,
1056 467 1102 496 ut
1142 471 1218 510 per
1260 455 1341 496 hoc
1378 455 1664 512 incorruptio—

236 535 299 576 nis
330 534 518 585 virtutis,
565 547 606 576 et
646 534 790 576 odoris
832 533 1029 576 scientiae
1063 532 1218 575 Christi
1248 533 1399 589 plenos
1430 533 1664 586 designaret

235 613 388 653 debere
422 628 508 653 esse
539 614 821 671 presbyteros.

348 689 474 742 „Ego
492 689 535 745 ²)
568 690 646 730 flos
679 689 816 746 campi
847 702 888 731 et
921 688 1063 731 lilium
1081 688 1360 730 convallium:
1392 688 1499 730 sicut
1524 689 1663 732 lilium

235 768 279 808 in
308 767 450 808 medio
481 767 717 823 spinarum,
754 767 811 809 ita
843 767 1035 824 proxima
1065 785 1159 809 mea
1192 767 1234 808 in
1266 765 1408 807 medio
1440 766 1665 809 filiarum.“

235 845 351 887 Haec
383 845 479 894 ille,
512 844 583 901 qui
614 861 790 902 sponsus
823 857 863 886 et
894 846 1070 886 verbum
1102 857 1141 886 et
1171 844 1376 900 sapientia
1406 855 1488 894 est,
1521 845 1572 886 de
1601 862 1666 887 se-

235 935 322 964 met
353 922 445 978 ipso
490 934 531 963 et
561 924 612 963 de
643 940 796 979 sponsa
825 925 878 964 ad
917 922 1075 964 amicos
1114 940 1160 964 ac
1199 923 1364 964 sodales
1406 939 1502 964 suos
1543 924 1662 981 loqui

236 1001 414 1042 videtur.
475 1001 561 1043 Sed
592 1002 823 1043 secundum
863 1001 1108 1058 propositae
1153 1000 1427 1057 expositionis
1470 1001 1664 1043 ordinem

237 1079 425 1121 Christus
455 1080 555 1120 haec
589 1079 642 1118 de
673 1078 850 1119 ecclesia
891 1079 1011 1136 loqui
1049 1079 1347 1132 intelligendus
1380 1091 1461 1130 est,
1504 1090 1544 1120 et
1573 1079 1663 1136 ipse

236 1157 390 1207 dicere,
421 1174 464 1199 se
495 1158 647 1198 florem
677 1172 765 1197 esse
797 1156 935 1213 campi
967 1168 1007 1197 et
1036 1156 1180 1198 lilium
1212 1156 1482 1199 convallium.
1545 1156 1666 1199 Cam-

233 1252 312 1292 pus
342 1234 539 1291 planities
568 1246 704 1276 terrae
737 1233 911 1284 dicitur,
954 1234 1020 1276 cui
1052 1235 1216 1277 cultura
1246 1235 1490 1286 adhibetur,
1522 1246 1563 1276 et
1595 1251 1663 1276 ex-

235 1313 391 1354 colitur
414 1314 465 1354 ab
490 1311 695 1366 agricolis.
738 1311 963 1354 Convalles
983 1329 1084 1366 vero
1108 1329 1252 1355 saxosa
1282 1314 1411 1368 magis
1438 1325 1479 1354 et
1508 1313 1666 1355 inculta

236 1391 422 1432 indicant
453 1392 559 1433 loca.
620 1390 850 1431 Possumus
879 1402 1021 1432 autem
1052 1402 1094 1432 et
1124 1408 1320 1449 campum
1358 1392 1482 1434 illum
1513 1390 1668 1433 intelli-

353 1589 391 1646 ¹)
425 1589 535 1632 Edd.
568 1589 630 1630 M.
665 1600 747 1639 „et
778 1587 922 1630 odoris
952 1588 1131 1631 suavitas
1163 1589 1319 1631 inest.“

352 1667 395 1721 2)
430 1666 588 1709 Cantic.
623 1667 677 1716 II,
711 1666 749 1709 1.
780 1666 818 1708 2.
853 1691 904 1699 —-
951 1667 1192 1724 Procopius
1225 1667 1412 1709 Gazaeus
1455 1669 1565 1709 hunc
1606 1669 1670 1709 lo-

235 1757 330 1781 cum
366 1755 414 1779 ex
446 1737 630 1790 Origene
661 1736 720 1777 sic
757 1736 949 1791 exponit:
982 1736 1132 1794 ,,Ἐγώ
1166 1734 1309 1787 ἄνθος
1338 1741 1418 1781 τοῦ
1449 1738 1680 1786 aedano-‘9

224 1806 391 1859 ’Ἀνθος
432 1812 552 1865 λέγει
591 1805 639 1851 τὸ
684 1805 848 1851 ὁδεῦον
893 1807 969 1850 ἐπὶ
1012 1806 1061 1851 τὸ
1100 1811 1318 1864 γενέσθαι
1349 1806 1533 1865 καρπός.
1590 1809 1668 1853 Ἐν

238 1874 322 1924 οὖν
351 1883 413 1937 τῷ
445 1880 660 1936 περιγείῳ
691 1875 817 1933 τόπῳ
855 1878 999 1933 πεδίῳ
1038 1880 1244 1935 ῥηθέντι,
1296 1875 1439 1928 ι’ίνθος
1479 1879 1602 1923 ἐστὶν
1643 1879 1665 1925 ὁ

237 1957 438 2009 νυμφίος
468 1948 617 2006 λόγος,
658 1946 717 1997 ὡς
746 1946 861 2004 πρὸς
891 1947 944 1991 τὰ
976 1952 1214 2005 μέλλοντα.
1267 1947 1406 1994 Ὅταν
1435 1949 1525 2009 γὰρ
1556 1953 1666 2013 ἔλθῃ

233 2022 284 2066 τὸ
316 2026 499 2075 τέλειον,
532 2022 781 2078 μεταβαλεῖ
806 2018 855 2064 τὸ
889 2016 1032 2069 ὄνθος
1062 2025 1125 2071 εἰς
1153 2019 1200 2065 τὸ
1232 2025 1450 2079 γενέσθαι
1477 2021 1667 2079 καρπός.

232 2095 325 2137 Καὶ
368 2095 445 2137 ἐπὶ
485 2090 549 2147 μὴ
588 2095 730 2136 πλέον
769 2094 973 2148 χωροῦσι
1017 2094 1095 2135 τοῦ
1137 2090 1196 2141 ὠς
1237 2088 1382 2141 ἄνθος
1419 2090 1560 2150 λόγου
1590 2095 1668 2137 ἐπὶ

231 2167 338 2222 γῆς,
381 2160 458 2206 διὰ
500 2165 631 2207 τοῦτο
670 2166 866 2220 γέγονεν
898 2161 921 2206 ὁ
955 2167 1158 2220 νυμφίος
1196 2162 1254 2213 ὠς
1293 2159 1438 2214 ἄνθος
1468 2167 1547 2208 τοῦ
1578 2181 1666 2210 πε-

232 2236 357 2278 δίου·
407 2231 612 2289 „samby
649 2231 738 2292 γὰρ
773 2234 983 2290 ἐκένωσε,
1016 2233 1209 2292 μορφὴν
1240 2233 1409 2280 δούλου
1439 2233 1664 2291 λαβὼν,“’

232 2304 347 2364 πρὸς
374 2303 423 2349 τὸ
455 2305 711 2360 δυνηθῆναι
745 2301 824 2359 τὴν
869 2302 1009 2355 δόξαν
1040 2305 1178 2348 αὐτοῦ
1225 2305 1345 2362 μετὰ
1377 2309 1517 2350 ταῦτα
1549 2306 1665 2352 θεά-

237 2381 407 2419 σασθαι
452 2373 843 2431 ἡμᾶς.]1[ήποτε
887 2377 937 2419 δὲ
974 2381 1066 2425 τοῖς
1101 2377 1191 2433 μὲν
1222 2377 1550 2435 εὐγενεστέροις
1587 2380 1667 2421 καὶ

234 2446 424 2503 ὁμαλέσι
454 2447 630 2495 πεδίοις
661 2445 1016 2504 ὀνομαζομένοις
1047 2442 1188 2496 ἄνθος
1220 2449 1327 2503 ἐστὶ,
1360 2455 1453 2498 τοῖς
1483 2450 1532 2493 δὲ
1556 2445 1663 2493 τού-

232 2532 324 2561 των
354 2520 621 2575 κατωτέροις
659 2520 738 2560 καὶ
777 2520 1048 2575 κοιλοτέροις
1086 2523 1261 2575 κρίνον.
1330 2522 1481 2563 Ταῦτα
1513 2517 1663 2577 φήσας

233 2586 255 2632 ὁ
288 2592 487 2647 νυμφίος
526 2586 810 2644 παραβάλλει
850 2586 932 2644 τὴν
967 2591 1164 2644 πλησίον
1205 2589 1343 2634 αὐτοῦ
1385 2585 1540 2638 ἄλλαις
1568 2594 1659 2632 θυ-

231 2656 449 2719 γατράσι,
496 2663 591 2706 ταῖς
637 2662 819 2709 λοιπαῖς
865 2664 1049 2717 ψυχαῖς,
1097 2663 1261 2710 αἵτινές
1306 2663 1422 2704 εἴσιν
1458 2654 1661 2703 ἄκανθαι

235 2728 370 2790 ταύτῃ
412 2727 834 2788 παραβαλλόμεναι.
909 2734 1126 2775 Τοιαῦται
1179 2733 1228 2776 δὲ
1271 2734 1319 2775 αἱ
1356 2728 1419 2786 μὴ
1463 2732 1659 2785 πλησίον

236 2803 312 2844 τοῦ
347 2806 552 2859 νυμιῙίου
583 2806 754 2859 ψυχαί·
786 2800 812 2855 ἡ
846 2802 897 2846 δὲ
926 2806 1122 2857 πλησίον
1152 2807 1312 2863 κρίνον
1339 2802 1389 2845 ἓν
1406 2803 1532 2857 μέσῳ
1553 2801 1657 2844 δια-

232 2868 420 2927 λάμποι]
455 2871 613 2916 αὐτῶν.
672 2872 852 2916 Ruaeus.
