1763 3112
645 83 842 124 ΗοΜιιιΑ
882 82 999 130 XVI,
1461 87 1543 132 295

128 199 197 238 λοι
242 192 513 252 κρύπτονται
563 192 654 236 ἀπὸ
704 191 954 250 προσώπου
999 195 1078 237 τοῦ
1122 196 1249 237 θεοῦ.
1313 190 1538 241 ”Ηκουσεν

126 270 268 327 Ἀδὰμ
297 269 410 328 μετα
441 268 523 322 τὴν
551 269 817 326 παράβασιν
844 267 927 323 τὴν
958 267 1121 326 φωνήν
1146 274 1304 328 κυρίου
1327 276 1405 315 τοῦ
1423 279 1533 318 θεοῦ

127 350 483 406 περιπατοῦντος
501 348 551 390 ἐν
571 351 633 403 τῷ
657 347 921 405 παραδείσῳ
934 344 984 389 τὸ
1005 344 1217 401 δειλινὸν,
1250 350 1327 390 καὶ
1343 349 1504 407 ἐκρύβη
1521 366 1531 376 ·

127 424 150 467 ὁ
182 425 232 467 δὲ
273 422 402 481 ἅγιος
439 422 550 479 ού“)
593 427 858 483 κέκρυπται,
906 422 997 466 ἀλλ’
1045 424 1135 479 ἔχει
1183 425 1379 480 καρδίαν
1419 426 1533 481 μετὰ

125 503 373 560 παῤῥησίας
401 502 474 555 τῆς
504 500 616 543 κατὰ
645 499 730 554 τήν
755 499 901 558 οἶγίαν
927 503 1161 545 πολιτείαν
1184 499 1297 557 πρὸς
1312 499 1392 548 τὸν
1408 501 1531 547 θεόν.

122 575 255 630 „Edu
269 576 312 632 2)
341 574 431 634 γὰρ
460 576 485 630 ἦ
521 578 776 631 συνείδησις
804 576 936 634 ἡμῶν
962 575 1026 634 μὴ
1057 575 1395 638 καταγινώσκῃ,
1427 580 1529 635 ἕχο-

118 670 206 711 μεν
235 657 494 712 παρρησίαν
531 654 643 712 πρὸς
681 653 762 698 τὸν
801 653 933 710 θεὸν,
982 658 1059 698 καὶ
1111 652 1133 699 ὃ
1179 652 1238 698 ἂν
1282 653 1529 713 αἰτώμεθα,

118 727 414 786 λαμβάνομεν
452 730 555 786 παρ’
602 729 791 778 αὐτοῦ.“
860 729 908 774 Ὁ
947 734 1035 787 μὲν
1081 723 1165 775 ούν
1197 731 1341 789 Ἀδὰμ
1380 736 1419 777 εἰ
1455 737 1531 776 καὶ

115 806 329 864 ἥμαρτεν,
362 807 442 850 οὐκ
473 812 533 855 εἰς
565 806 818 866 ὑπερβολὴν
840 807 1051 864 χαλεπὴν
1082 806 1311 865 ἁμαρτίαν
1327 808 1526 869 ἥμαρτε·

117 883 195 926 διὰ
223 887 355 928 τοῦτο
387 883 548 942 ἐκρύβη
571 883 662 928 ἀπὸ
685 882 936 943 προσώπου
953 888 1033 928 τοῦ
1061 889 1186 929 θεοῦ.
1236 884 1283 929 Ὁ
1303 887 1355 930 δὲ
1371 885 1527 943 ἁμαρ-

114 958 355 1018 τωλότερος
384 960 520 1005 αὐτοῦ
551 961 673 1005 Κάϊν
702 965 779 1004 καὶ
804 961 1102 1018 ἀσεβέστατος
1136 962 1158 1005 ὀ
1191 961 1528 1020 ἀδελφοκτόνος

113 1043 159 1081 τί
185 1043 458 1092 πεποίηκεν;
500 1038 750 1092 ,,Ἐξῆλθεν
766 1039 809 1094 3)
850 1037 940 1082 ἀπὸ
972 1037 1223 1098 προσώπου
1255 1042 1333 1082 τοῦ
1363 1043 1525 1085 θεοῦ·“

113 1113 226 1159 ὥστε
256 1120 488 1172 συγκρίσει
519 1119 672 1159 κακῶν
710 1117 896 1159 ἔλαττον
935 1112 1051 1160 εἶναι
1087 1114 1137 1160 τὸ
1177 1119 1394 1174 κρυβῆναι
1432 1117 1525 1162 ἀπὸ

111 1190 361 1249 προσώπου
400 1195 480 1235 τοῦ
520 1196 646 1237 θεοῦ.
721 1196 813 1236 Καὶ
851 1192 940 1249 γὰρ
982 1185 1111 1243 οὗτος
1139 1193 1401 1251 κρύπτεται,
1443 1197 1525 1239 οὐκ

108 1269 427 1325 ἅπερυθριῶν,
475 1269 565 1312 ἀλλ’
600 1269 873 1328 αἰδούμενος
901 1268 982 1313 τὸν
1010 1267 1136 1314 θεόν.
1205 1270 1300 1314 Οὐκ
1330 1272 1521 1329 ἐκρύβη-

111 1361 197 1389 σαν
228 1339 311 1389 οὖν
339 1344 434 1389 ἀπὸ
464 1346 714 1402 προσώπου
739 1363 831 1402 μου
862 1337 1010 1401 οὗτοι,
1055 1349 1099 1390 οἱ
1127 1350 1265 1390 ταῦτα
1294 1347 1521 1402 ποιήσαν-

111 1441 178 1471 τες
209 1424 257 1465 ἕν
287 1421 526 1478 ἁμαρτίαις
556 1420 651 1464 τότε
679 1419 913 1479 γεγόνασι,
945 1425 1023 1466 καὶ
1048 1422 1143 1468 ἀπὸ
1173 1422 1408 1482 ἁμαρτιῶν
1432 1430 1522 1472 τῶν

112 1502 162 1544 ἓν
191 1504 241 1559 τῇ
273 1498 479 1558 θαλάσση
510 1496 802 1553 ἠλιεύθησαν.

221 1578 261 1621 5.
281 1575 355 1620 ‘'Iv‘
388 1569 470 1620 οὖν
500 1573 562 1630 μή
604 1574 994 1632 ὑπολαμβάνωσιν
1023 1581 1067 1621 οἱ
1097 1577 1400 1634 ἁλιευθέντες,
1440 1584 1517 1623 καὶ

106 1653 221 1713 μετὰ
261 1657 400 1697 ταῦτα
441 1658 501 1702 εἰς
538 1653 590 1696 ts}
636 1649 715 1712 ὅρη
756 1652 982 1708 ἐλθόντες,
1035 1652 1103 1697 ὅτι
1141 1656 1191 1697 ἐκ
1228 1654 1518 1711 δικαιοσύνης

107 1732 258 1780 αὐτοῖς
286 1734 425 1774 ταῦτα
454 1735 718 1788 γεγένηται,
759 1729 1099 1790 ὑπομιμνήσκει
1137 1731 1190 1775 οὐ
1218 1731 1368 1790 μόνον
1397 1734 1515 1777 ἑκεί-

107 1808 374 1863 vom-cm&
402 1812 479 1851 καὶ
509 1807 627 1865 ἡμᾶς
658 1807 680 1852 ὁ
712 1806 846 1866 λόγος
875 1811 965 1851 τῶν
991 1813 1225 1867 προτέρων
1242 1809 1516 1869 ἁμαρτημά-

106 1902 212 1930 των.
276 1885 361 1944 Διὸ
399 1889 574 1943 λέγεται
621 1883 735 1941 μετὰ
777 1884 854 1933 τὰς
892 1884 1173 1942 εὐεργεσίας·
1217 1889 1336 1940 ,,καὶ
1353 1886 1396 1943 ⁴)
1433 1887 1515 1931 οὐκ

105 1962 268 2022 ἐκρύβη
299 1961 352 2005 τα
380 1962 640 2018 ἀδικήματα
679 1963 830 2006 αὐτῶν
867 1963 1088 2007 ἀπέναντι
1124 1966 1215 2006 τῶν
1253 1963 1516 2020 ὀφθαλμῶν

103 2042 244 2095 μου.66
316 2037 384 2082 Τὰ
427 2040 525 2093 ἑξῆς
571 2040 728 2097 ἀγῶνα
767 2043 919 2096 μέλλει
956 2038 1070 2096 ἡμῖν
1108 2042 1333 2099 ἐμποιεῖν.
1408 2045 1515 2086 Εἴτε

103 2115 193 2174 γὰρ
232 2115 648 2172 ἁπλῶς-νοοῦμεν,
690 2123 1000 2174 φροντίσομεν
1038 2119 1260 2176 ἐπιμελῶς
1297 2121 1402 2174 περὶ
1435 2121 1514 2171 τῆς

101 2192 450 2243 ἀνταποδόσεως
493 2197 584 2237 τῶν
627 2193 983 2253 ἁμαρτημάτων.
1061 2199 1119 2237 Εἰ
1163 2195 1214 2238 δὲ
1257 2195 1386 2237 δοκεῖ
1429 2194 1511 2238 οὐκ

104 2269 335 2314 ἀκόλουθα
366 2268 481 2314 εἷναι-
512 2277 604 2321 τοῖς
638 2274 1091 2331 προαποδεδομένοις
1130 2275 1235 2330 περὶ
1269 2270 1511 2328 ἁλιευομέ-

106 2365 197 2391 νων
226 2351 303 2390 καὶ
333 2353 674 2406 θηρευομένων,
719 2353 795 2392 καὶ
826 2348 966 2398 οὕτως
995 2353 1057 2398 εἰς
1087 2349 1245 2405 ἀγῶνα
1275 2346 1395 2404 ἡμᾶς
1424 2351 1509 2402 ἐμ-

103 2423 255 2480 βάλλει
288 2425 338 2467 οὐ
356 2424 435 2467 τὸν
457 2422 664 2481 τυχόντα.
709 2431 835 2481 ,,Καὶ
851 2429 891 2483 ⁵)
915 2423 1225 2470 ἀνταποδώσω
1244 2424 1348 2482 γὰρ,
1383 2432 1510 2484 φησὶ,

223 2539 261 2591 ¹)
292 2537 400 2577 Edd.
432 2536 485 2576 H.
516 2553 758 2593 perperam:
792 2542 873 2583 οὐκ
905 2542 1136 2596 ἔκρυπται.

214 2608 262 2662 ⁴)
295 2607 380 2648 Cfr.
414 2609 429 2647 l
459 2608 609 2649 Joann.
641 2609 718 2659 Ill,
747 2610 815 2653 21.
849 2610 917 2653 22.

220 2678 262 2731 ³)
294 2677 401 2718 Gen.
434 2678 505 2727 IV,
538 2677 600 2720 16.
721 2679 762 2734 ⁴)
791 2680 947 2720 Jerem.
977 2680 1092 2729 XVI,
1126 2678 1189 2722 17.-

221 2747 262 2801 ⁵)
294 2746 380 2788 Csr.
408 2748 564 2788 Jerem.
595 2748 710 2798 XVI,
742 2746 805 2792 18.
838 2775 885 2781 -
920 2748 1029 2790 Edd.
1061 2748 1111 2790 H.
1152 2759 1191 2788 et
1232 2749 1279 2789 R.
1322 2760 1509 2789 constan-

106 2819 190 2844 ter;
221 2801 396 2853 διπλάς.
