1734 3112
237 86 295 131 84
533 83 756 127 Omont-us
786 95 831 124 m
863 81 1045 126 CAtvnc.
1080 81 1381 125 cmi-[conum

240 197 399 249 missas,
428 207 477 238 ut
506 195 678 254 abjectis
709 195 760 237 iis
790 194 954 252 possint
984 195 1136 235 florem
1167 194 1331 236 virtutis
1362 194 1527 235 afferre.
1589 193 1666 235 Ca-

240 274 420 332 piunt¹)
459 285 598 315 autem
632 271 906 325 cogitationes
945 273 1076 312 malas
1117 272 1160 312 in
1200 289 1273 322 eo,
1315 289 1409 313 cum
1445 282 1669 324 suggerunt

240 352 386 403 menti,
417 368 504 392 non
536 367 623 391 esse
656 367 722 390 eas
754 367 775 390 a
800 350 910 399 Deo,
944 350 1017 389 sed
1049 365 1135 390 esse
1167 366 1189 390 a
1217 350 1400 402 maligno
1432 348 1596 404 spiritu,
1629 360 1669 388 et

242 432 343 471 dant
371 429 535 470 animae
577 427 878 468 discretionem
917 426 1167 482 spirituum,
1209 439 1257 468 ut
1295 427 1522 479 intelligat,
1563 443 1668 482 quae

241 508 294 550 sit
325 506 524 560 cogitatio
555 505 790 546 secundum
822 503 978 552 Deum,
1011 514 1052 543 et
1083 519 1187 558 quae
1219 503 1270 544 sit
1305 520 1352 544 ex
1384 505 1569 545 diabolo.
1611 504 1670 544 Ut

242 598 383 627 autem
412 584 515 624 scias
559 599 646 623 esse
679 580 976 632 cogitationes,
1020 597 1120 636 quas
1159 580 1354 621 immittit
1393 581 1587 622 diabolus
1625 581 1667 620 in

243 680 317 705 cor
363 661 606 710 hominum,
655 658 753 699 vide
799 658 842 699 in
887 658 1118 710 Evangelio
1169 659 1285 714 quod
1332 659 1535 714 scriptum
1590 669 1669 698 est:

243 757 369 793 „cum
386 740 428 796 ²)
461 749 601 779 autem
632 735 894 785 immisisset,
934 735 1093 791 inquit,
1134 735 1329 776 diabolus
1358 736 1401 776 in
1432 752 1505 776 cor
1534 736 1671 777 Judae

243 816 498 866 Ischariotis,
531 826 577 856 ut
607 815 793 856 traderet
825 819 963 854 eum.“
1012 813 1121 854 Sunt
1151 828 1249 865 ergo
1282 813 1527 872 hujusmodi
1558 812 1671 865 cogi-

244 895 440 944 tationes,
473 909 578 949 quae
609 889 929 932 adaemonibus
960 889 1206 946 injiciuntur
1235 890 1276 931 in
1308 890 1504 931 cordibus
1534 889 1671 931 homi-

244 989 358 1015 num.
419 971 506 1012 Sed
537 969 634 1026 quia
671 985 760 1009 non
797 969 915 1008 deest
956 966 1098 1007 divina
1139 967 1430 1023 providentia,
1468 984 1521 1008 ne
1557 969 1669 1009 forte

244 1067 323 1107 per
351 1046 595 1106 hujusmodi
623 1045 992 1102 importunitatem
1022 1045 1264 1085 turbaretur
1293 1045 1464 1087 libertas
1493 1044 1670 1095 arbitrii,

246 1138 289 1167 et
316 1142 405 1167 non
435 1136 542 1166 esset
571 1123 679 1181 justa
716 1138 837 1163 causa
880 1120 1048 1178 judicii,
1085 1121 1246 1162 idcirco
1287 1123 1476 1176 benignis
1515 1123 1671 1176 angelis

244 1215 288 1245 et
316 1202 461 1244 amicis
490 1200 772 1258 potestatibus
802 1198 1026 1239 hominum
1056 1215 1155 1239 cura
1184 1201 1428 1251 mandatur,
1458 1212 1528 1251 ut,
1574 1218 1671 1242 cum

244 1282 497 1337 deceptores
546 1276 665 1334 quasi
715 1276 865 1332 vulpes
918 1276 1128 1317 incursare
1177 1277 1397 1333 coeperint
1442 1278 1673 1329 hominem,

246 1356 401 1399 dextris
425 1371 523 1396 eum
553 1353 717 1395 auxiliis
748 1354 981 1394 sublevent.
1026 1353 1081 1393 Et
1111 1352 1209 1393 ideo
1243 1354 1417 1396 dicitur:
1448 1357 1613 1412 „capite
1630 1357 1672 1413 ³)

244 1434 369 1477 nobis
416 1433 565 1489 vulpes
609 1429 828 1487 pusillas.“
897 1429 1202 1485 competenter
1239 1446 1357 1481 sane,
1404 1449 1500 1474 cum
1538 1435 1674 1475 adhuc
1732 1425 1734 1431 Ι

246 1511 427 1569 pusillae
470 1520 588 1559 sunt,
634 1507 729 1563 capi
770 1523 836 1548 eas
880 1507 1052 1548 mandat
1096 1517 1138 1547 et
1176 1508 1491 1563 comprehendi.
1557 1511 1676 1553 Dum
1731 1558 1734 1570 1

248 1589 360 1630 enim
394 1586 593 1640 cogitatio
634 1585 745 1626 mala
785 1584 829 1625 in
867 1584 997 1625 initiis
1038 1595 1119 1634 est,
1157 1584 1282 1625 facile
1321 1598 1464 1641 potest
1498 1587 1624 1645 abjici
1653 1606 1676 1630 a
1731 1623 1734 1625 .

248 1667 390 1708 corde.
446 1665 556 1705 Nam
587 1662 622 1703 si
651 1663 896 1719 frequenter
923 1661 1113 1712 iteretur,
1145 1673 1186 1702 et
1216 1661 1289 1702 diu
1317 1677 1574 1719 permaneat,
1604 1667 1677 1707 ad—

249 1742 367 1785 ducit
395 1741 578 1782 animam
608 1739 696 1780 sine
729 1738 859 1779 dubio
903 1740 957 1779 ad
990 1755 1260 1781 consensum:
1301 1752 1342 1781 et
1372 1753 1471 1797 post
1501 1760 1675 1785 consen-
1732 1771 1734 1778 ¹

247 1837 338 1863 sum
379 1818 490 1860 intra
529 1833 603 1857 cor
641 1832 764 1857 suum
805 1815 1125 1865 confirmatum,
1165 1827 1326 1857 certum
1368 1830 1448 1869 est,
1490 1820 1586 1876 quia
1622 1822 1676 1862 ad
1725 1820 1734 1864 vi

246 1895 411 1955 peccati
447 1894 593 1951 tendat
626 1892 832 1932 affectum
849 1891 905 1945 ⁴).
965 1892 1084 1932 Dum
1123 1908 1222 1945 ergo
1261 1893 1304 1934 in
1345 1894 1475 1937 initiis
1513 1910 1593 1948 est,
1633 1910 1674 1939 et
1733 1891 1734 1895 Ἰ

247 1973 404 2031 pusilla
435 1982 519 2021 est,
560 1969 653 2026 capi
690 1970 818 2010 debet
855 1979 897 2009 et
926 1966 1073 2024 abjici,
1108 1986 1183 2018 ne,
1222 1970 1257 2010 si
1296 1972 1439 2013 adulta
1475 1975 1604 2014 fuerit
1634 1988 1675 2016 et
1726 1987 1728 1989 '

247 2052 499 2099 inveterata,
543 2046 628 2105 jam
671 2062 757 2086 non
802 2044 937 2101 possit
980 2046 1148 2101 expelli.
1224 2047 1420 2104 Denique
1467 2061 1508 2090 et
1545 2052 1675 2093 Judas

246 2127 417 2169 initium
446 2124 548 2166 mali
577 2123 725 2164 habuit
752 2122 795 2163 in
825 2119 969 2162 amore
1009 2123 1238 2178 pecuniae,
1277 2136 1318 2165 et
1356 2125 1458 2166 haec
1496 2127 1578 2168 suit
1606 2128 1671 2169 illi
1722 2153 1728 2157 -

248 2206 399 2261 vulpes
434 2202 601 2260 pusilla·
661 2201 749 2242 Sed
789 2212 830 2240 et
848 2200 887 2256 ⁵)
928 2201 980 2240 ab
1019 2200 1095 2240 hac
1135 2217 1231 2240 cum
1270 2201 1433 2244 videret
1460 2204 1673 2246 Dominus

247 2283 382 2323 Judae
412 2280 594 2322 animam
626 2277 743 2334 quasi
772 2277 997 2317 florentem
1027 2276 1192 2318 vineam
1226 2278 1359 2328 laedi,
1399 2296 1548 2336 capere
1580 2298 1671 2323 eam

250 2360 419 2409 volens,
459 2369 501 2399 et
531 2355 712 2414 abjicere
744 2370 793 2395 ex
824 2370 898 2404 e0,
937 2353 1148 2395 commisit
1186 2355 1225 2395 ei
1253 2356 1458 2411 pecuniae
1489 2358 1670 2409 loculos,

248 2448 297 2477 ut
335 2435 575 2492 possidens,
615 2433 731 2490 quod
769 2432 956 2481 amabat,
995 2447 1017 2471 a
1056 2432 1287 2487 cupiditate
1326 2447 1516 2478 cessaret.
1582 2436 1668 2477 Sed

248 2513 346 2565 ille,
388 2523 540 2569 utpote
579 2511 734 2551 habens
769 2508 835 2550 sui
863 2507 1025 2549 arbitrii
1053 2508 1314 2561 libertatem,
1354 2527 1441 2552 non
1481 2523 1542 2552 est
1582 2529 1668 2553 am-
1716 2522 1723 2562 ξ

368 2673 409 2730 ¹)
439 2673 519 2714 Ed.
551 2670 708 2713 Ruaei:
756 2670 935 2726 Capiant
965 2683 1106 2712 autem
1137 2683 1212 2715 etc.

362 2740 406 2798 ²)
436 2742 514 2784 Ev.
543 2742 694 2784 Joann.
726 2741 851 2791 XIII,
881 2740 919 2783 2.
1042 2743 1085 2797 3)
1117 2741 1276 2784 Cantic.
1309 2742 1370 2793 II,
1402 2741 1466 2785 15.

359 2813 403 2869 ²⁸)
432 2812 543 2855 Edd.
574 2813 634 2855 M.
667 2812 947 2864 ‚,effcctum.“
1039 2812 1081 2868 ⁵)
1112 2812 1243 2853 Deest
1273 2818 1370 2863 „et“
1399 2812 1441 2853 in
1474 2813 1568 2854 edd.
1602 2814 1662 2855 M.
1718 2841 1719 2846 =
