1734 3112
211 111 294 158 168
640 110 862 152 Onmssms
892 121 938 151 IN
969 108 1208 150 Jssmzmmm

213 226 263 269 ἐν
303 220 597 282 Ἰερουσαλὴμ
639 225 690 282 τῇ
730 217 848 277 ἅνω,
897 223 1002 277 περὶ
1042 211 1094 274 ἧς
1134 217 1157 262 ὁ
1190 215 1443 268 ἀπόστολός
1476 232 1643 275 φησιν·

217 299 278 357 ,,ἠ
301 301 342 357 ¹)
372 301 421 344 δὲ
454 295 548 344 ἀνω
575 296 871 358 Ἰερουσαλὴμ
901 298 1116 353 ἐλευθέρα
1147 297 1285 352 ἐστὶν,
1317 294 1412 350 ἥτις
1436 293 1645 353 ἐστὶμή-

215 395 296 437 τηρ
329 375 476 436 ἡμῶν,
511 375 570 427 ὥς
597 376 912 434 γέγραπται,“
939 378 1016 418 καὶ
1046 372 1100 417 τά
1131 374 1247 427 ἑξῆς.
1307 370 1532 429 ,,Τάδε2)
1563 363 1650 416 οὖν

216 459 337 513 λέγει
369 453 522 511 κύριος
552 458 644 502 τοῖς
673 451 902 511 ἀνδράσιν
926 451 1092 506 Ἰούδα,
1126 454 1203 494 καὶ
1232 456 1324 501 τοῖς
1353 451 1650 494 κατοικοῦσιν

215 529 534 590 Ἰερουσαλήμ·
576 528 773 575 νεώσατε
810 530 985 579 ἑαυτοῖς
1028 527 1259 586 νεώματα,
1299 531 1376 572 καὶ
1418 525 1482 585 μὴ
1515 531 1650 571 σπεί-

218 625 312 668 ρετε
345 608 411 652 ἐπ’
446 606 727 657 ἀκάνθαις.“
792 604 840 650 Ὁ
876 605 1012 663 λόγος
1053 597 1182 655 οὗτος
1221 603 1418 662 μάλιστα
1452 609 1545 654 τοῖς
1575 604 1650 646 δι-

219 684 442 731 δάσκουσι
484 688 683 742 λέγεται,
738 686 814 726 ἵνα
853 681 917 740 μὴ
955 682 1185 743 πρότερον
1220 681 1554 740 ἐμπιστεὺσωσι
1595 680 1650 725 τὰ

218 761 446 821 λεγόμενα
476 767 569 812 τοῖς
600 760 859 819 ἀκροαταῖς,
897 759 987 820 πρὸ
1017 763 1097 804 τοῦ
1131 758 1342 816 νεώματα
1370 763 1562 814 ποιῆσαι
1602 759 1656 803 ἓν

217 845 315 890 ταῖς
345 844 513 897 ψυχαῖς
544 838 712 883 αὐτῶν.
762 835 902 882 Ὅταν
931 836 1021 896 γάρ
1053 837 1230 897 ἀρότρῳ
1257 836 1548 895 ἐπιβαλόντες
1570 835 1655 891 τὴν

215 923 364 976 χεῖρα,
399 916 607 976 νεώματα
637 914 894 969 ποιήσωσιν
926 915 976 959 ἐν
1006 919 1102 964 ταῖς
1134 921 1304 973 ψυχαῖς
1335 914 1448 960 κατὰ
1468 914 1549 971 τὴν
1565 916 1657 973 γῆν

219 996 302 1048 τῆν
332 992 480 1047 καλῆν
508 996 584 1036 καὶ
615 991 803 1051 ἀγαθὴν
841 991 1016 1037 τούτων
1055 992 1341 1049 ἀκουόντων,
1382 991 1480 1038 τότε
1520 996 1655 1036 σπεί-

219 1087 374 1130 ροντες
404 1069 456 1114 οὐ
488 1076 756 1128 σπείρουσιν
786 1069 852 1114 ἐπ’
888 1068 1129 1120 ἀκάνθαις.
1204 1069 1317 1115 ’Edu
1354 1071 1405 1115 δὲ
1442 1069 1533 1128 πρὸ
1573 1071 1654 1114 τοῦ

219 1148 442 1207 ἀρότρου,
486 1151 563 1190 καὶ
603 1147 695 1206 πρὸ
725 1150 808 1191 τοῦ
838 1146 1051 1205 νεώματα
1080 1150 1272 1208 πριῆσαι
1302 1148 1353 1192 ἐν
1380 1151 1442 1205 τῷ
1473 1146 1652 1206 ἡγεμο-

221 1228 334 1282 νικῷ
365 1227 457 1268 τῶν
488 1223 780 1279 ἀκουόντων,
833 1222 947 1286 λάβῃ
986 1241 1052 1275 τις
1090 1223 1143 1268 τά
1172 1229 1413 1284 σπέρματα
1443 1224 1497 1269 τὰ
1531 1224 1656 1283 ἅγια,

223 1302 305 1347 τὸν
341 1305 448 1359 περὶ
488 1305 567 1347 τοῦ
613 1300 785 1360 πατρὸς
822 1301 985 1359 λόγον,
1031 1300 1112 1346 τόν
1148 1304 1257 1362 περὶ
1291 1305 1370 1347 τοῦ
1402 1306 1530 1359 υἱοῦ,
1577 1302 1659 1347 τὸν

221 1382 328 1439 περὶ
367 1382 447 1422 τοῦ
490 1376 627 1435 ἁγίου
656 1377 939 1435 πνεύματος,
982 1377 1064 1422 τὸν
1102 1377 1243 1436 λόγον
1279 1379 1363 1424 τὸν
1401 1384 1504 1440 περὶ
1541 1380 1658 1425 ἀνα-

223 1455 447 1510 στάσεως,
485 1454 567 1500 τόν
595 1454 738 1514 λόγον
768 1454 850 1500 τόν
879 1457 987 1514 περὶ
1017 1452 1267 1512 κολάσεως,
1298 1454 1378 1500 τόν
1408 1454 1550 1513 λόγον
1578 1455 1659 1501 τὸν

221 1537 328 1592 περὶ
359 1532 675 1590 ἀναπαύσεως,
705 1532 787 1578 τὸν
816 1534 922 1591 περὶ
952 1530 1116 1589 νόμου,
1146 1532 1228 1578 τὸν
1255 1537 1361 1591 περὶ
1390 1537 1659 1592 προφητῶν,

223 1615 302 1656 καὶ
331 1610 613 1661 ἁπαξαπλῶς
642 1609 833 1654 ἑκάστου
863 1611 955 1654 τῶν
977 1615 1342 1670 γεγραμμένων,
1374 1613 1452 1655 καὶ
1482 1616 1658 1672 σπείρῃ,

221 1693 496 1746 παραβαίνει
525 1685 611 1742 τὴν
639 1691 866 1745 λέγουσαν
897 1686 1087 1743 ἐντολὴν
1117 1692 1327 1748 πρῶτον·
1366 1686 1661 1745 ,,νεώσατε3)

226 1768 404 1815 ἑαυτοῖς
448 1763 728 1822 νεώματα·“
788 1764 1027 1825 δεύτερον·
1097 1801 1126 1822 ,,
1142 1769 1219 1810 καὶ
1237 1767 1283 1824 ⁴)
1335 1764 1399 1826 μὴ
1458 1771 1661 1825 σπείρετε

225 1843 295 1889 ἐπ’
325 1843 604 1891 ἀκάνθαις.“
657 1840 789 1885 Ἀλλά
823 1843 918 1902 ἐρεῖ
943 1860 1008 1892 τις
1038 1845 1129 1888 τῶν
1163 1843 1450 1888 ἀκουόντων·
1482 1841 1571 1901 ἐγώ
1605 1841 1658 1886 οὐ

226 1918 464 1977 διδάσκω,
509 1918 592 1976 οὐχ
634 1917 882 1981 ὑπόκειμαι.
924 1918 1060 1980 ταύτῃ
1089 1922 1140 1980 τῇ
1171 1921 1344 1981 ἐντολῇ.
1421 1924 1516 1963 Καὶ
1546 1919 1600 1964 σὺ
1618 1920 1660 1977 ⁵)

223 1997 429 2059 γεωργὸς
466 2000 606 2055 γενοῦ
639 1999 852 2052 σεαυτοῦ,
900 1999 975 2039 καὶ
1004 1995 1068 2054 μῆ
1102 2001 1287 2057 σπείρης
1316 1996 1383 2041 ἐπ’
1419 1995 1659 2052 ἀκάνθαις,

224 2075 344 2119 ἀλλὰ
377 2079 532 2131 νέωμα
563 2073 761 2130 ποίησόν
799 2090 882 2132 μοι
909 2071 959 2117 τὸ
986 2078 1187 2132 χωρίον,
1229 2070 1253 2117 ὃ
1286 2078 1562 2119 πεπίστευκέ
1587 2089 1661 2119 σοι,

230 2150 254 2197 ό
296 2151 405 2202 θεὸς
439 2154 532 2196 τῶν
571 2150 704 2196 ὅλων.
779 2149 1081 2206 Κατανόησον
1121 2149 1170 2195 τὸ
1212 2156 1412 2208 χωρίον,
1459 2152 1530 2195 ἴδε
1568 2153 1660 2195 ποῦ

229 2233 347 2275 εἰσιν
376 2224 595 2285 ἄκανθαι,
625 2231 718 2274 ποῦ
748 2233 967 2287 μέριμναι
997 2231 1203 2282 βιωτικαὶ
1233 2232 1310 2271 καὶ
1342 2227 1543 2273 πλούτου
1576 2245 1661 2286 φι-

231 2308 439 2363 ληδονία.
501 2309 595 2349 Καὶ
625 2303 909 2362 κατανοήσας
938 2303 1016 2353 τὰς
1046 2302 1253 2356 ἀκάνθας
1280 2305 1357 2355 τὰς
1389 2307 1439 2350 ἐν
1464 2308 1514 2366 τῇ
1535 2308 1659 2365 ψυχῇ

233 2399 332 2439 σου,
365 2382 554 2440 ζήτησον
584 2382 634 2428 τό
665 2382 854 2441 λογικὸν
884 2378 1092 2441 ἄροτρον,
1126 2386 1230 2439 περὶ
1261 2375 1315 2427 οὗ
1347 2383 1519 2439 Ἰησοῦς
1547 2396 1662 2442 φησι

354 2608 394 2662 ¹)
426 2606 512 2647 Cir.
545 2605 683 2647 Galat.
716 2607 788 2658 IV,
820 2607 887 2650 26.
1010 2609 1052 2663 ²)
1083 2609 1238 2649 Jerem.
1270 2609 1342 2659 IV,
1373 2608 1410 2651 3.

350 2676 394 2732 3)
423 2676 579 2717 Jerem.
610 2677 684 2726 IV,
712 2675 752 2720 3.
872 2678 915 2734 ⁴)
945 2677 1103 2720 Jerem.
1135 2679 1210 2730 IV,
1239 2678 1279 2723 3.

299 2747 302 2752 '
349 2746 393 2803 5)
422 2747 474 2787 R.
515 2745 557 2786 in
596 2745 731 2787 notis:
773 2745 909 2796 „Cod.
955 2747 1134 2790 scorial.
1181 2747 1346 2805 (itemq.
1385 2747 1482 2788 edd.
1526 2745 1578 2787 H.
1620 2744 1664 2786 in
1727 2762 1729 2766 ⁴

232 2802 369 2857 textu)
417 2802 550 2843 male:
599 2805 682 2846 σοῦ
725 2802 959 2860 γεωργός“
1001 2807 1093 2848 κτλ.
1136 2828 1186 2836 —-
1228 2805 1280 2847 H.
1321 2804 1373 2846 ad
1413 2801 1662 2855 marginem:

231 2859 371 2910 „Cod.
402 2859 649 2902 Vaticanus:
683 2861 736 2903 σύ
768 2858 1000 2917 γεωργός“
1033 2865 1126 2905 κτλ.
