1734 3112
227 85 283 129 48
523 83 744 128 Omomus
775 97 820 126 m
853 84 1035 126 CAN‘nc.
1069 82 1371 125 Cmnconum

229 210 269 240 et
299 198 574 240 similitudine
608 198 1029 255 contemplentur¹):
1062 196 1285 238 ostendens
1316 213 1392 252 per
1412 196 1507 247 hoc,
1538 197 1652 252 quod

228 277 403 319 visibilis
443 276 508 318 hic
547 278 726 318 mundus
767 277 819 317 de
860 274 1061 316 invisibili
1101 275 1271 325 doceat,
1319 287 1358 315 et
1401 274 1653 331 exemplaria

229 357 434 414 quaedam
465 355 716 398 coelestium
747 355 959 396 contineat
989 352 1147 409 positio
1186 352 1262 394 ista
1294 364 1478 394 terrena:
1524 364 1569 393 ut
1601 353 1651 392 ab

227 434 312 487 his,
353 451 456 491 quae
489 435 711 484 deorsum,
752 433 804 473 ad
845 448 912 482 ea,
956 447 1061 488 quae
1091 447 1254 472 sursum
1290 443 1405 482 sunt,
1443 430 1652 487 possimus

228 513 504 563 adscendere,
536 524 660 568 atque
692 528 740 552 ex
772 510 853 560 his,
894 526 999 565 quae
1033 508 1222 550 videmus
1254 509 1296 550 in
1328 509 1470 560 terris,
1500 508 1652 549 sentire

229 604 270 633 et
308 591 545 644 intelligere
585 606 654 639 ea,
701 604 804 645 quae
836 587 1042 628 habentur
1078 587 1120 628 in
1161 587 1304 629 coelis.
1366 588 1432 628 Ad
1472 603 1654 643 quorum

229 669 550 712 similitudinem
582 667 812 725 quandam,
853 682 938 722 quo
978 665 1143 707 facilius
1186 666 1330 719 colligi
1368 682 1444 722 per
1474 666 1574 707 haec
1607 682 1652 707 ac

228 748 372 791 sentiri
410 758 581 805 possent
622 744 906 794 diversitates,
956 754 1262 795 creaturarum,
1305 761 1410 801 quae
1452 744 1496 786 in
1532 744 1652 786 terris

229 838 336 878 sunt,
367 825 690 868 similitudinem
721 822 920 866 conditor
950 822 1078 864 dedit.
1129 822 1185 863 Et
1214 822 1413 874 fortassis,
1443 823 1552 865 sicut
1577 824 1653 864 ho-

228 905 385 947 minem
425 906 542 947 Deus
582 904 635 945 ad
674 902 898 956 imaginem
943 913 983 942 ct
1022 900 1346 943 similitudinem
1384 918 1501 943 suam
1537 902 1652 952 fecit,

228 983 287 1024 ita
339 983 465 1026 etiam
512 994 669 1025 ceteras
719 992 925 1022 creaturas
964 980 1017 1021 ad
1066 979 1164 1021 alias
1211 981 1410 1036 quasdam
1451 980 1653 1021 coelestes

228 1060 427 1114 imagines
457 1078 535 1118 per
565 1059 888 1103 similitudinem
905 1057 1118 1100 condidit:
1152 1069 1192 1099 et
1222 1059 1397 1100 fortasse
1427 1057 1471 1099 in
1491 1070 1653 1100 tantum

227 1138 388 1192 singula
419 1155 635 1196 quaeque,
667 1154 772 1195 quae
804 1136 844 1178 in
877 1135 998 1178 terris
1030 1148 1145 1188 sunt,
1178 1136 1332 1178 habent
1361 1136 1522 1194 aliquid
1551 1136 1653 1177 ima-

229 1216 332 1269 ginis
366 1228 407 1258 et
436 1216 724 1258 similitudinis
755 1216 797 1256 in
831 1214 1105 1266 coelestibus,
1144 1226 1191 1255 ut
1222 1214 1347 1256 etiam
1388 1232 1561 1268 granum
1602 1215 1655 1256 si⁴

228 1294 368 1350 napis,
409 1295 526 1351 quod
556 1294 782 1336 minimum
815 1306 875 1335 est
904 1293 946 1333 in
979 1292 1175 1334 omnibus
1205 1292 1458 1352 seminibus,
1505 1293 1655 1334 habeat

228 1371 389 1428 aliquid
420 1371 609 1424 imaginis
644 1384 683 1414 et
722 1370 1008 1414 similitudinis
1046 1371 1089 1411 in
1122 1370 1273 1412 coelis:
1313 1383 1354 1412 et
1392 1372 1496 1422 hoc,
1539 1371 1653 1428 quod

226 1449 320 1490 talis
352 1450 391 1490 ei
421 1450 626 1506 quaedam
659 1449 897 1507 composita
927 1459 988 1489 est
1008 1448 1229 1489 alternatio
1256 1460 1439 1501 naturae,
1470 1462 1529 1500 ut,
1560 1466 1655 1490 cum

228 1526 452 1568 minimum
490 1528 543 1569 sit
575 1528 766 1570 omnium
796 1527 1026 1578 seminum,
1068 1524 1201 1584 majus
1238 1527 1311 1569 fiat
1342 1526 1537 1569 omnibus
1567 1529 1656 1568 ole-

228 1605 367 1656 ribus,
411 1605 469 1646 ita
497 1617 544 1647 ut
573 1618 745 1662 possent
761 1607 804 1663 2)
836 1605 978 1646 venire
1018 1621 1111 1646 aves
1152 1605 1280 1656 coeli,
1326 1617 1368 1647 et
1397 1606 1583 1647 habitare
1614 1606 1657 1647 in

228 1681 355 1723 ramis
397 1681 511 1739 ejus:
559 1683 881 1725 similitudinem
922 1683 1028 1724 serat
1067 1700 1153 1724 non
1182 1683 1323 1725 solum
1353 1683 1529 1742 alicujus
1561 1700 1656 1725 coe-

228 1759 343 1801 lestis
383 1759 595 1813 imaginis,
643 1762 717 1802 sed
760 1772 800 1802 et
838 1760 967 1817 ipsius
1007 1759 1122 1813 regni
1158 1761 1395 1803 coelorum.
1454 1762 1525 1804 Sic
1557 1778 1655 1816 ergo

229 1836 432 1894 possibile
464 1849 525 1879 est
558 1836 683 1879 etiam
715 1850 852 1880 cetera
882 1837 1061 1888 semina,
1101 1855 1206 1895 quae
1237 1839 1281 1880 iu
1310 1841 1432 1882 terris
1461 1852 1579 1892 sunt,
1609 1852 1657 1881 ut

229 1916 410 1958 habeant
449 1910 609 1973 aliquid
660 1916 702 1957 in
742 1915 994 1958 coelestibus
1033 1915 1346 1969 similitudinis,
1392 1930 1432 1959 et
1470 1918 1655 1960 rationis.

231 1992 366 2049 Quod
404 1994 437 2036 si
479 1993 659 2044 semina,
701 1993 787 2035 sinc
828 1992 959 2034 dubio
1001 2006 1042 2035 et
1081 1993 1279 2047 virgulta:
1328 1995 1434 2048 etssi
1466 1996 1655 2050 virgulta,

230 2073 320 2113 sine
351 2072 482 2114 dubio
525 2084 566 2114 et
605 2070 851 2121 animantia,
897 2071 964 2112 vel
995 2071 1166 2123 alitum,
1213 2074 1279 2114 vel
1308 2074 1570 2130 repentium,
1615 2086 1655 2115 et

232 2151 568 2206 quadrupedum.
632 2150 717 2190 Sed
750 2161 791 2190 et
820 2148 930 2190 illud
961 2151 1095 2191 adhuc
1126 2162 1268 2207 potest
1296 2150 1497 2205 intelligi,
1540 2153 1654 2208 quod

230 2225 338 2268 sicut
367 2243 541 2280 granum
570 2226 737 2283 sinapiS,
768 2243 854 2268 non
884 2244 1010 2268 unam
1045 2227 1366 2270 similitudinem
1397 2242 1511 2271 tenet
1539 2230 1654 2283 regni

232 2305 453 2346 coelorum
471 2306 532 2363 ³),
574 2316 614 2346 et
645 2304 915 2345 habitationis
946 2305 1109 2347 scilicet
1139 2306 1279 2348 avium
1310 2307 1351 2349 in
1382 2308 1506 2349 ramis
1547 2309 1650 2349 suis:

228 2381 301 2423 sed
331 2381 457 2424 habet
488 2395 528 2424 et
560 2381 682 2424 aliam
714 2382 1034 2425 similitudinem
1063 2384 1126 2425 vel
1159 2385 1396 2439 imaginem,
1425 2386 1654 2442 perfectio-

227 2642 315 2685 lis“
346 2585 529 2685 LZCEdd·
564 2588 627 2634 Μ.
665 2590 1063 2645 ,,ςοηῑεηιΡῙτιηῑιιι·ε
1110 2592 1332 2633 ostendens
1365 2592 1481 2649 quod
1511 2590 1651 2633 visibi„

345 2714 388 2770 2)
421 2713 532 2756 Edd.
564 2714 624 2757 M.
656 2716 901 2773 „possint.“

345 2787 388 2844 3)
425 2786 533 2829 Edd.
566 2786 758 2829 Mei-lini:
793 2820 816 2838 „
831 2788 1069 2830 coelorum:
1112 2786 1378 2833 habitationis
1416 2787 1575 2830 scilicet
1608 2799 1647 2829 et

229 2843 402 2885 avium“
445 2855 518 2887 ete.
