1763 3112
601 94 646 124 m
683 79 937 122 JEREMMM.
1401 85 1480 129 461

59 195 156 240 ἴδια
185 191 329 250 πάθη,
361 191 464 242 τοὺς
491 193 580 250 μὲν
610 190 843 237 διδάσκων
871 195 1101 248 βασιλείας
1141 193 1350 252 οὐρανῶν
1387 214 1481 252 μυ-

59 271 243 332 στήρια,
304 269 406 320 τούς
452 271 502 315 δὲ
551 268 784 315 διδάσκων
830 268 1069 326 ὑπομονῆς
1112 273 1480 330 παραδείγματα,

58 352 148 393 τῶν
178 348 580 405 ψευδοπροφητῶν
609 350 817 391 τοιοῦτον
849 346 984 390 οὐδὲν
1015 345 1091 390 διά
1121 346 1203 403 τὴν
1239 352 1482 394 κολακείαν

57 424 344 483 πασχόντων.
403 423 784 482 Ἑτοιμασώμεθα
821 428 977 468 τοίνυν
1021 425 1070 468 ἒν
1099 428 1241 482 καιρῷ
1271 427 1480 483 διωγμοῦ

58 501 175 562 μετά
203 500 420 560 Ἱερεμίου
450 499 692 559 τετάχθαι,
733 504 808 544 καὶ
847 504 926 545 τοῦ
960 499 1169 550 εἰπόντος
1200 501 1482 547 ἀποστόλου·

58 580 144 635 ,,ἒν
164 580 204 636 1)
236 583 463 637 φυλακαῖς
490 576 758 627 πολλάκις.“

824 577 888 623 Τὸ
928 580 1002 622 δέ·
1043 577 1204 635 ,,ὅτι2)
1245 580 1328 623 οὐκ
1367 579 1483 636 ἠδύ-Δ

60 673 169 702 νατο
203 655 226 700 ὁ
255 655 482 712 βασιλεύς·
501 657 529 678 “
561 659 1004 716 φιλανθρωποτέραν
1034 654 1171 699 αὐτοῦ
1203 656 1286 711 τὴν
1315 662 1483 716 προαί-

59 747 184 791 ρεσιν
212 731 463 791 μεμήνυκε.
525 736 617 775 Καὶ
649 735 723 777 δεῖ
748 734 828 777 τὸν
860 731 1005 788 ὀρθὸν
1033 737 1246 788 βασιλέα,
1288 733 1352 791 μὴ
1392 741 1485 784 τοῖς

57 813 163 866 περὶ
192 809 334 854 αὐτὸν
365 816 582 867 πονηροῖς
611 814 1003 868 συναλλαγέσθαι·
1029 807 1260 867 χρήσιμον
1284 813 1333 855 δὲ
1363 815 1483 856 πολ-

58 884 185 936 λάκις
215 890 294 930 καὶ
324 885 349 942 ἢ
381 886 506 944 παρὰ
539 893 632 937 τοῖς
662 890 877 946 κρατοῦσι
893 891 1164 944 προστασία,
1198 886 1250 929 δι’
1286 879 1337 940 ἧς
1366 893 1484 932 πολ-

58 963 183 1014 λάκις
214 964 439 1023 εὐεργετεῖ
466 964 487 1009 ὁ
520 962 640 1014 θεός.

171 1039 381 1098 ,,Ἐγώ3)
420 1040 563 1098 λόγον
601 1043 688 1098 ἔχω
735 1044 825 1085 τῶν
852 1040 1087 1085 Ἰουδαίων
1125 1043 1216 1084 τῶν
1244 1038 1484 1098 πεφευγό-

58 1120 200 1162 των.“
259 1119 429 1173 Δέδια,
477 1120 607 1176 φησὶ,
638 1117 701 1175 μὴ
731 1123 822 1167 τοῖς
853 1116 1124 1175 αὐτομόλοις
1153 1121 1486 1174 καταγέλαστος

56 1199 279 1252 γένωμαι.
345 1192 521 1239 Τούτου
558 1195 649 1254 γὰρ
688 1193 829 1252 λόγον
867 1197 944 1238 καὶ
987 1195 1214 1253 φροντίδα
1243 1197 1482 1252 ποιοῦμαι.

55 1270 132 1322 Ὡς
167 1273 219 1316 δὲ
273 1272 327 1314 δι’
377 1271 604 1329 ἁμαρτίας
645 1270 942 1332 Ἰερουσαλήμ
986 1273 1318 1328 παραδέδοται,
1368 1270 1484 1316 οὕτω

59 1353 137 1393 καὶ
177 1347 204 1405 ἢ
251 1349 479 1403 ἐκκλησία.
548 1352 641 1392 Καὶ
682 1353 720 1393 εἴ
757 1353 846 1406 μέν
885 1366 949 1398 τις
986 1349 1078 1392 κατ’
1115 1349 1317 1400 Ἐζεκίαν
1353 1349 1487 1404 αὐτῆς

59 1423 193 1488 ἄρχῃ,
226 1424 432 1477 σώζεται·
466 1428 505 1470 εἴ
536 1427 586 1470 δὲ
616 1425 729 1470 κατὰ
759 1428 1006 1481 Σεδεκίαν,
1040 1425 1368 1486 ἀφοριζόμενος
1397 1428 1487 1484 μὲν

58 1501 198 1558 σώζει,
230 1506 385 1559 μένων
414 1503 465 1546 δὲ
496 1500 661 1558 ταύτην
691 1502 956 1547 ἀπόλλυσιν.
1014 1507 1080 1545 Εἴ
1115 1520 1177 1553 τις
1215 1497 1300 1548 οὖν
1336 1502 1487 1564 μολύ-

59 1597 152 1626 νων
181 1579 265 1635 τῆν
304 1581 548 1635 ἐκκλησίαν
586 1580 785 1636 ἐξέλθοι,
835 1579 974 1636 αὐτήν
1016 1596 1061 1625 τε
1092 1578 1241 1637 σώζει,
1289 1583 1366 1625 καὶ
1403 1579 1487 1636 τὴν

59 1656 216 1716 ψυχὴν
245 1656 408 1702 αὐτοῦ·
449 1656 532 1702 ἐὰν
572 1658 623 1701 δὲ
662 1661 802 1718 μέλλῃ
841 1656 954 1701 κατὰ
1000 1655 1080 1701 τόν
1120 1659 1344 1702 Σεδεκίαν
1373 1656 1487 1717 πρὸς

59 1735 241 1786 ἔξοδον·
275 1733 449 1793 ,,μικρά
470 1733 511 1792 ⁴)
543 1732 656 1793 ζύμη
690 1733 797 1779 ὅλον
825 1733 874 1779 τό
908 1733 1101 1793 φύραμα
1132 1736 1316 1791 ζυμοῖ.“

172 1812 356 1869 ,,Καὶ·”)
386 1810 513 1868 ἰδοὺ,
555 1816 703 1856 πᾶσαι
731 1818 945 1871 γυναῖκες
975 1814 1022 1854 αἱ
1052 1812 1484 1868 καταλειφθεῖσαι.κ

58 1892 181 1944 Φησὶ
210 1887 326 1947 πρὸς
355 1888 496 1934 αὐτὸν
522 1888 766 1949 Ἱερεμίας,
805 1889 865 1940 ὠς
895 1891 1077 1947 ἐροῦσιν
1107 1891 1155 1931 αἱ
1184 1893 1396 1946 γυναῖκες
1425 1891 1486 1938 εἷς

59 1964 279 2010 ἀποικίαν
311 1965 561 2023 ἀγόμεναι·
601 1966 879 2023 ,,ἧπάτησάν
897 1967 938 2024 ⁶)
979 1980 1028 2011 σε
1071 1969 1114 2010 οἱ
1154 1967 1268 2022 πρὸς
1307 1967 1357 2010 σὲ
1387 1964 1486 2024 φή-

516 2045 545 2067 “
577 2043 636 2094 ὠς
667 2045 718 2089 οὐ
750 2042 1078 2102 παραδώσουσι
1107 2046 1168 2100 τῷ
1186 2046 1482 2101 Βαβυλωνίῳ.

60 2058 218 2094 σαντες
247 2046 499 2105 εἰρηνικῶς·

58 2119 370 2177 Συστήσονται
408 2121 458 2164 δὲ
493 2120 609 2178 μετά
649 2126 756 2179 σοῦ,
806 2119 865 2171 ώς
907 2124 1041 2164 αἴτιοι
1082 2118 1326 2178 γενόμενοι
1357 2118 1486 2164 πτώ-

61 2212 193 2247 σεως·
225 2196 406 2247 πάντως
434 2197 526 2256 γὰρ
556 2198 785 2261 ληφθήσῃ.
862 2196 992 2256 Τάχα
1036 2198 1087 2242 δὲ
1126 2200 1203 2240 καὶ
1232 2197 1335 2246 τοὺς
1364 2206 1486 2254 ψευ-

59 2273 358 2337 δοπροφήτας
396 2279 612 2332 αἰτιᾶται,
663 2276 786 2335 λόγῳ
830 2276 912 2330 τὴν
951 2273 1133 2332 εἰρήνην
1172 2272 1486 2334 ὑπισχνουμέ-

60 2368 177 2402 νους.
235 2351 283 2397 Ὀ
328 2353 378 2397 δὲ
431 2352 669 2412 προφήτης
712 2352 1052 2414 φιλανθρώπως
1109 2351 1346 2411 ἀπέκρυψε
1394 2356 1487 2401 τοῖς

65 2424 255 2488 ἄρχουσι
298 2428 381 2485 τὴν
418 2429 660 2486 ἀλήθειαν,
713 2435 792 2476 τοῦ
833 2435 1052 2488 βασιλέως
1091 2428 1358 2487 κηδόμενος.
1422 2428 1486 2473 Οὐ

181 2596 220 2651 1)
253 2596 340 2638 cfr.
372 2598 414 2637 11
448 2597 546 2639 cor.
580 2597 656 2647 XI,
686 2597 753 2642 23.
873 2600 916 2652 2)
946 2599 1106 2641 Jerem.
1136 2581 1383 2648 ΧΧΧἮΠ,
1416 2597 1456 2639 5.

176 2666 218 2722 3)
249 2665 405 2707 Jerem.
436 2667 681 2717 xxxvm,
716 2667 779 2711 19.
902 2668 944 2723 4)
977 2669 1113 2711 Galat.
1147 2669 1199 2717 v,
1230 2667 1268 2710 9.

179 2736 219 2791 ⁵)
250 2735 408 2777 Jerem.
440 2737 685 2787 XXXVIII,
717 2737 784 2780 22.

177 2805 218 2860 ⁶)
253 2805 340 2847 Csr.
370 2805 525 2848 Jerem.
557 2808 802 2857 XXXVIII,
833 2808 899 2852 22.
