1763 3112
611 74 810 117 HOMILIA
847 73 961 114 XIV.
1409 76 1490 119 271

84 186 108 231 ὁ
141 185 247 236 θεὸς
274 183 354 231 τὸν
380 183 502 251 λοιὸνι
524 185 712 241 ἐκεῖνον,
744 185 843 229 ἐπεὶ
873 183 954 228 τὸν
971 181 1173 240 Χριστὸν
1204 183 1489 241 ἀπέκτειναν,

84 260 192 321 ὄψει
234 261 300 308 ὅτι
338 262 420 307 οὐκ
463 264 525 312 εἰς
561 265 889 322 μακροθυμίαν
928 262 992 304 ἔτι
1031 258 1248 319 ἐχρήσατο
1289 265 1350 318 τῷ
1381 267 1490 321 λαῷ.

84 345 143 384 Εἰ
173 342 224 385 δὲ
252 343 420 395 θέλεις,
454 335 604 395 ι’ἔκουε,
638 337 729 383 ἀπὸ
757 342 890 383 πέντε
920 340 996 382 καὶ
1035 337 1226 382 δεκάτου
1255 339 1378 389 ἔτους
1413 347 1494 383 Τι-

83 423 236 475 βερίου
267 421 496 475 Καίσαρος
526 418 603 461 ἐπὶ
630 415 711 472 τὴν
741 413 1043 473 κατασκαφὴν
1080 416 1158 458 τοῦ
1197 418 1336 471 ναοῦ,
1389 434 1492 462 τεσ-

85 493 343 553 σαράκοντα
371 496 448 536 καὶ
478 491 561 538 δύο
591 490 879 552 πεπλήρωται
909 494 998 549 ἔτη.
1055 487 1179 537 ’Έδει
1220 492 1309 551 γὰρ
1340 494 1496 552 ὀλίγον

85 570 184 616 τινα
206 570 384 630 χρόνον
414 573 764 628 συγχωρηθῆναι
796 574 856 620 εἷς
883 567 1158 627 μετάνοιαν,
1189 569 1387 625 μάλιστα
1418 571 1493 615 δια

82 647 184 698 τοὺς
213 646 440 692 πιστεύειν
466 651 713 706 μέλλοντας
743 647 834 691 ἀπὸ
866 650 943 692 τοῦ
967 649 1079 691 λαοῦ
1097 649 1146 691 ἐκ
1164 649 1254 690 τῶν
1280 653 1494 704 σημείων,

83 728 161 769 καὶ
190 727 281 769 τῶν
311 723 508 782 τεράτων
536 728 626 769 τῶν
655 726 886 782 ἐσομένων
915 722 1005 770 ὑπὸ
1035 727 1125 769 τῶν
1155 722 1435 770 ἀποστόλων.

197 801 263 845 14.
295 806 493 858 ,,Γνῶθι,
513 803 553 859 ι)
585 801 643 852 ῶς
671 804 835 860 ἔλαβον
863 805 967 860 περὶ
997 804 1080 846 σοῦ
1113 801 1375 862 ὀνειδισμὸν
1403 801 1494 847 ὑπὸ

86 882 178 923 τῶν
208 878 496 925 ἀθετούντων
535 879 640 930 τοὺς
676 879 839 937 λόγους
869 880 1002 923 nov-‘⁶

1049 876 1206 923 ’Ἐστιν
1246 878 1268 923 ὁ
1308 880 1497 938 προφή-

84 974 158 1012 της
185 961 345 1015 λέγων,
377 961 454 1002 καὶ
484 959 839 1014 ἐξουθενημένος
879 956 948 1015 ἐφ’
986 952 1052 1007 οἷς
1081 958 1249 1014 ἔλεγεν,
1289 956 1376 1001 ὑπὸ
1407 961 1497 1001 τῶν

83 1032 368 1095 ἁμαρτωλῶν
409 1033 739 1094 ἀθετούμενος·
778 1038 894 1093 φησὶ
928 1032 1043 1094 γάρ·
1085 1033 1312 1091 „ai-1692)
1352 1035 1495 1079 διετέ-

616 1114 645 1136 “
698 1111 962 1163 Ὼνειδίζετο
1004 1112 1086 1156 οὐν
1124 1109 1214 1155 ὑπὸ
1254 1115 1344 1155 τῶν
1383 1111 1496 1157 ἀθε-

82 1114 189 1156 λεσα
217 1109 608 1170 μυκτηριζόμενος.

81 1186 282 1233 τούντων
310 1187 412 1238 τοὺς
440 1187 606 1246 λόγους
642 1188 743 1238 τοὺς
785 1189 840 1233 δι’
884 1189 1022 1233 αὐτοῦ
1062 1191 1368 1247 λαλουμένους
1405 1189 1495 1234 ὑπὸ

81 1269 162 1310 τοῦ
191 1269 327 1311 θεοῦ·
368 1269 445 1310 καὶ
486 1262 662 1323 εὔχεται
699 1268 776 1310 ἐπὶ
814 1269 875 1323 τῷ
917 1265 1181 1310 ὠνειδίσθαι
1208 1269 1497 1321 βοηθηθῆναι

82 1341 175 1388 ὑπὸ
204 1346 284 1388 τοῦ
313 1346 441 1398 θεοῦ,
472 1347 641 1400 λέγων·
674 1344 929 1400 ,,γνῶθι,3)
970 1341 1028 1392 ῶς
1063 1343 1228 1398 ἔλαβον
1266 1346 1371 1402 περὶ
1412 1347 1495 1387 σοῦ

83 1419 347 1477 ὀνειδισμὸν
383 1418 473 1463 ὑπὸ
503 1423 593 1464 τῶν
622 1418 907 1465 ἆθετούντων
922 1418 1024 1469 τούς
1040 1416 1203 1477 λόγους
1227 1434 1326 1464 σου.
1370 1426 1496 1466 Συν-

490 1498 519 1521 “
584 1500 772 1554 Λεγέτω
820 1494 1068 1558 προφήτης.
1133 1495 1263 1540 Ἀλλὰ
1318 1500 1497 1555 μᾶλλον

84 1501 265 1543 τέλεσον
306 1495 481 1547 αὐτούς.

85 1574 268 1636 ἁρμόζει
306 1572 383 1620 τό·
431 1578 732 1631 ,,συντε’λεσον
748 1575 790 1632 ⁴²)
836 1573 1067 1625 αὐτούς·“
1108 1572 1360 1631 λεγόμενον
1404 1573 1495 1620 ὑπὸ

81 1656 161 1698 τοῦ
193 1656 415 1712 σωτῆρος·
447 1656 675 1697 συντέλεια
704 1651 797 1710 γὰρ
828 1645 935 1708 ἦλθε
964 1655 1070 1710 περὶ
1099 1650 1179 1706 τὴν
1204 1650 1495 1711 Ἰερουσαλὴμ

83 1734 160 1775 καὶ
196 1734 258 1788 τῷ
298 1733 416 1787 λαῷ,
465 1731 540 1776 ἐπὶ
587 1736 680 1781 τοῖς
722 1726 1017 1785 συνβεβηκόσι
1057 1730 1104 1778 ἒξ
1149 1730 1388 1785 ἐπιβουλῆς
1415 1735 1493 1774 τοῦ

82 1811 195 1852 λαοῦ
226 1809 303 1852 ἐπὶ
332 1810 410 1852 τοῦ
442 1810 638 1865 σωτῆρος
676 1805 821 1863 ἡμῶν.
891 1804 1025 1849 Meto}
1063 1809 1202 1849 ταῦτα
1242 1805 1497 1863 ἀναγκαῖον

83 1883 158 1929 διὰ
198 1883 248 1928 τὸ
288 1883 437 1929 πολλα
471 1887 755 1929 πεπονθέναι
793 1881 895 1932 τοὺς
930 1880 1171 1941 προφήτας
1213 1885 1494 1942 ἐλέγχοντας,

81 1964 159 2005 καὶ
188 1960 268 2006 τὸν
291 1961 433 2020 λόγον
456 1958 801 2020 πρεσβεύοντας,
833 1963 909 2003 καὶ
930 1962 1178 2012 λαλοῦντας
1191 1959 1246 2004 τὰ
1261 1977 1496 2020 προστασ-

83 2037 258 2097 σόμενα
288 2037 380 2083 ὑπὸ
410 2042 489 2083 τοῦ
519 2041 654 2094 θεοῦ,
695 2036 958 2095 ὑπομνῆσαι
996 2037 1100 2086 τούς
1139 2037 1362 2096 ἀκροατὰς
1390 2042 1495 2100 περὶ

82 2119 161 2163 τοῦ
190 2121 292 2172 βίου
325 2115 498 2172 αὐτῶν,
540 2118 616 2159 καὶ
654 2118 743 2170 τῶν
782 2116 1067 2172 ἐπαγγελιῶν
1096 2114 1266 2172 αὐτῶν,
1313 2121 1391 2161 καὶ
1419 2121 1496 2172 τῆς

87 2191 298 2250 ἡμετέρας
325 2198 649 2252 προαιρέσεως,
695 2196 770 2236 ἵνα
809 2192 922 2236 κατὰ
954 2191 1001 2236 τὸ
1044 2193 1243 2248 δυνατὸν
1281 2193 1414 2251 ἡμῖν,
1455 2198 1495 2241 εἰ

86 2272 296 2327 θέλομεν,
327 2269 440 2329 μετὰ
472 2274 562 2315 τῶν
591 2273 841 2330 προφητῶν
871 2269 1152 2326 ζηλώσωμεν.
1200 2267 1256 2314 Ὃ
1296 2273 1347 2316 δὲ
1378 2275 1492 2328 λέγω

86 2344 292 2391 τοιοῦτόν
332 2348 448 2392 ἔστι·
489 2347 705 2405 πολλάκις
744 2350 794 2393 ἐν
834 2353 928 2396 ταῖς
965 2347 1116 2404 εὐχαῖς
1153 2349 1370 2404 λέγομεν·
1417 2349 1496 2400 θεὲ

87 2421 398 2483 παντοκράτορ
442 2425 524 2480 τὴν
566 2428 732 2483 μερίδα
779 2423 911 2482 ἡμῶν
956 2423 1070 2481 μετὰ
1118 2426 1209 2468 τῶν
1243 2429 1496 2484 προφητῶν

87 2498 176 2550 δός.
241 2500 335 2556 Τὴν
363 2503 529 2559 μερίδα
559 2500 690 2560 ἡμῶν
718 2502 832 2560 μετὰ
861 2505 951 2546 τῶν
981 2499 1250 2556 ἀποστόλων
1277 2505 1357 2546 τοῦ
1376 2509 1494 2559 Χρι-

88 2581 194 2622 στοῦ
225 2594 308 2622 σου
339 2577 440 2633 δὸς,
472 2582 548 2622 ἵνα
578 2577 838 2637 εὑρεθῶμεν
867 2583 943 2623 καὶ
970 2580 1062 2638 μετ’
1098 2577 1235 2622 αὐτοῦ
1266 2582 1343 2622 τοῦ
1375 2583 1495 2636 Χρι-

206 2732 245 2787 ¹)
274 2731 432 2773 Jerem.
461 2732 555 2781 XV,
588 2731 653 2774 15.
687 2732 750 2775 16.
868 2733 911 2786 ²)
946 2733 1033 2775 Cfr.
1062 2733 1215 2774 Jerem.
1248 2730 1342 2779 XX,
1374 2730 1410 2772 7.

202 2802 244 2858 ³)
274 2801 429 2844 Jerem.
459 2802 552 2851 XV,
585 2801 647 2845 15.
682 2801 745 2846 16.
867 2802 908 2858 ⁴)
938 2802 1091 2845 Jerem.
1124 2801 1217 2851 XV,
1250 2799 1314 2843 16.
