1734 3112
636 114 776 156 Lmen
807 115 884 155 III.
1418 118 1473 162 65

43 244 208 279 sensus,
239 228 310 285 qui
342 226 570 268 occurrisse
604 227 824 268 videbatur
853 227 896 268 in
926 238 1133 283 tempore.
1194 228 1314 269 Nunc
1350 246 1469 286 repe-

46 318 203 357 tamus,
248 305 465 362 quomodo
498 321 577 361 per
604 305 711 347 retia
743 303 989 361 prospicere
1020 305 1195 346 dicatur.
1256 306 1473 362 Scriptum

45 397 127 426 est:
172 400 291 435 „non
321 383 358 438 ¹)
401 381 513 424 enim
553 382 695 439 inique
744 383 974 423 tenduntur
1014 382 1118 423 retia
1157 381 1313 424 avibus.
1332 390 1355 408 '·‘
1415 384 1470 425 Et

47 463 219 504 iterum:
260 459 411 516 justus,
457 460 491 501 si
522 459 748 501 incurrerit
778 459 820 500 in
850 471 1092 515 peccatum,
1138 460 1323 513 effugere
1354 460 1474 518 jube-

45 551 126 589 tur,
155 538 262 579 sicut
293 549 333 578 et
362 538 532 578 damula
564 553 612 577 ex
646 538 817 592 laqueis,
850 548 891 577 et
922 537 1006 578 avis
1039 553 1086 577 ex
1117 537 1288 578 retibus.
1345 538 1475 580 Plena

46 629 106 658 est
135 632 232 669 ergo
267 616 348 658 vita
379 615 625 657 mortalium
660 615 819 671 laqueis
845 614 1144 664 offensionum,
1175 615 1334 656 retibus
1350 616 1477 672 plena

45 694 365 750 deceptionum,
412 694 570 750 quas‘2)
610 693 748 734 tendit
793 694 1016 735 adversum
1066 709 1194 746 genus
1244 693 1475 735 humanum

44 771 142 821 ille,
190 771 261 828 qui
301 782 446 813 contra
474 770 713 812 Dominum
751 770 860 824 gigas
900 782 1073 812 venator
1114 771 1306 813 Nemrod
1327 772 1369 827 3)
1403 786 1476 827 ap-

47 850 243 907 pellatur.
303 850 437 890 Verus
471 848 626 890 etenim
657 848 764 901 gigas
796 849 887 904 quis
926 848 1032 889 alius
1065 860 1125 889 est
1155 848 1235 890 nisi
1266 848 1476 899 diabolus,

49 927 122 984 qui
161 927 285 968 etiam
325 928 521 968 adversus
560 927 702 968 Deum
742 924 949 966 rebellat?
1006 925 1165 981 Laquei
1207 942 1304 979 ergo
1345 938 1477 968 tenta-

47 1004 225 1055 tionum,
257 1016 298 1045 et
329 1004 548 1060 decipulae
580 995 839 1054 insidiarum,
872 1003 1032 1044 diaboli
1062 1002 1166 1043 retia
1195 1004 1475 1060 appellantur.

49 1082 105 1123 Et
135 1082 336 1139 quoniam
365 1082 467 1124 haec
498 1082 603 1123 retia
640 1081 856 1137 ubique4)
890 1081 1124 1122 tetenderat
1154 1080 1372 1132 inimicus,
1418 1093 1476 1122 at-

52 1175 132 1215 que
173 1159 216 1200 in
255 1159 355 1216 ipsis
395 1176 506 1217 pene
538 1176 682 1202 omnes
723 1159 982 1210 involverat,
1029 1159 1255 1215 oportebat
1285 1174 1372 1200 esse
1402 1157 1478 1200 ali-

54 1253 200 1292 quem,
239 1237 310 1294 qui
339 1237 494 1279 fortior
533 1250 574 1280 et
605 1237 860 1280 eminentior
889 1237 1011 1277 fieret
1039 1235 1128 1286 his,
1170 1247 1211 1276 et
1242 1248 1479 1278 contereret

53 1329 121 1366 ea,
166 1326 213 1355 ut
242 1315 514 1372 sequentibus
544 1332 587 1357 se
621 1315 728 1357 viani
760 1325 903 1371 posset
931 1313 1107 1370 aperire.
1169 1310 1334 1354 Idcirco
1377 1329 1475 1366 ergo

53 1403 94 1431 et
125 1392 319 1442 salvator,
349 1392 594 1449 priusquam
624 1392 666 1433 in
699 1391 942 1448 conjugium
974 1403 1015 1431 et
1043 1390 1290 1432 societatem
1318 1391 1478 1430 veniret

54 1468 268 1519 ecclesiae,
297 1481 480 1510 tentatur
510 1487 533 1510 a
563 1470 750 1519 diabolo,
782 1480 827 1509 ut
855 1468 1023 1509 vincens
1056 1467 1160 1509 retia
1183 1468 1479 1517 tentationum,

54 1561 131 1602 per
164 1546 253 1602 ipsa
282 1545 568 1602 prospiceret,
608 1558 649 1587 et
677 1562 756 1602 per
783 1545 871 1601 ipsa
901 1556 1071 1586 vocaret
1101 1560 1193 1585 eam
1222 1545 1275 1585 ad
1306 1561 1371 1595 se,
1404 1545 1480 1585 do-

58 1638 153 1664 cens
183 1623 271 1664 sine
303 1623 448 1673 dubio,
482 1636 522 1664 et
554 1624 776 1665 ostendens
808 1622 867 1673 ei,
899 1623 1016 1678 quod
1044 1638 1131 1662 non
1160 1638 1238 1678 per
1269 1621 1403 1663 otium
1438 1634 1479 1663 et

59 1700 254 1751 delicias,
300 1702 373 1741 sed
412 1718 489 1757 per
528 1701 680 1742 multas
720 1698 1011 1740 tribulationes
1047 1711 1086 1739 et
1127 1699 1378 1740 tentationes
1411 1715 1479 1739 ve>

60 1776 260 1818 niendum
310 1777 445 1834 ipsIS)
489 1790 595 1820 esset
638 1779 689 1819 ad
729 1777 954 1819 Christum.
1028 1777 1179 1818 Nullus
1229 1793 1327 1829 ergo
1375 1777 1480 1818 alius

59 1854 160 1905 suit,
204 1855 276 1912 qui
323 1856 427 1897 retia
467 1855 544 1897 ista
581 1872 777 1912 superare
815 1854 1016 1911 potuerit.
1078 1855 1274 1905 „Omnes
1289 1855 1330 1911 6)
1369 1856 1480 1897 enim

59 1939 392 1989 peccaveruntss²
422 1933 529 1975 sleut
559 1932 763 1989 scriptum
797 1944 869 1974 est.
921 1932 976 1973 Et
1010 1949 1165 1983 rursus,
1196 1943 1243 1973 ut
1263 1933 1482 1989 Scriptura

61 2010 183 2052 dicit:
214 2011 384 2065 Πηοιιῗ)
417 2024 478 2053 est
508 2010 638 2069 justus
669 2027 795 2067 super
824 2021 993 2059 terram,
1025 2010 1096 2066 qui
1127 2010 1276 2052 fecerit
1305 2011 1481 2061 bonum,

62 2098 104 2128 et
132 2104 216 2129 non
251 2089 528 2144 peccaverit.“
573 2088 626 2130 Et
651 2088 826 2129 iterum:
860 2089 1072 2142 ‚,nemo⁸)
1102 2089 1284 2129 mundus
1303 2105 1324 2129 a
1344 2089 1482 2139 sorde,

62 2180 139 2206 nec
179 2164 214 2206 si
250 2165 371 2207 unius
411 2165 496 2206 diei
531 2166 658 2207 fuerit
699 2166 782 2207 vita
813 2165 950 2222 ejus.“
1010 2165 1139 2207 Solus
1170 2181 1268 2218 ergo
1302 2177 1361 2206 est
1391 2165 1482 2206 Do—

65 2241 200 2283 minus
240 2254 281 2283 et
321 2243 516 2285 Salvator
553 2255 696 2284 noster
733 2245 855 2285 Jcsus
895 2243 1104 2294 Christus,
1152 2243 1223 2299 qui
1262 2254 1483 2298 peccatum

65 2334 152 2360 non
189 2319 312 2370 fecit,
349 2321 422 2362 sed
460 2333 681 2377 peccatum
722 2338 818 2363 eum
848 2333 966 2378 pater
1004 2320 1105 2362 fecit
1136 2336 1216 2376 pro
1247 2318 1392 2370 nobis,
1437 2330 1483 2360 ut

189 2515 228 2569 ι)
259 2514 385 2555 Prov.
418 2514 460 2563 Ι,
488 2515 554 2558 17.
673 2518 716 2572 ²)
747 2517 858 2559 Edd.
891 2516 952 2558 M.
986 2521 1177 2572 „quae-⁰

188 2585 230 2640 ³)
259 2584 368 2626 Edd.
400 2584 459 2625 Μ.
490 2585 795 2634 „Nembrotb.“

185 2653 228 2710 ⁴)
258 2654 367 2695 Edd.
398 2654 459 2695 M.
493 2655 601 2703 „ubi
628 2658 915 2698 tetenderat-‘⁸

187 2723 229 2779 ⁵)
260 2722 338 2764 Ed.
370 2723 527 2765 Ruaei:
559 2723 649 2765 sibi.
770 2727 812 2780 δν)
842 2727 966 2768 Rom.
1000 2727 1060 2767 Ill
1079 2758 1088 2776 ,
1118 2724 1185 2769 23.

189 2792 230 2849 ⁷)
262 2793 500 2835 Ecclesiast.
530 2794 635 2843 VII,
664 2793 728 2837 20.

184 2863 228 2918 ⁸)
259 2863 386 2905 Edd.
403 2865 461 2905 M.
493 2876 570 2915 „et
599 2870 762 2905 nemo“
794 2876 871 2907 etc.
902 2890 954 2896 —
996 2866 1082 2907 Cn.
1115 2864 1266 2906 Psalm.
1299 2864 1415 2919 XIV,
1445 2866 1482 2910 3

78 2937 296 2982 Omessms
328 2940 497 2983 OPERA.
529 2940 648 2983 ΤοΜ.
673 2941 768 2982 XV.
1160 2942 1184 2983 5
