1734 3112
637 95 781 137 mez
811 95 888 136 ΙΙΙ.
1422 95 1477 138 49

55 210 118 251 nis
147 209 307 250 scilicet
335 208 448 259 fidei,
479 208 535 249 ita
565 220 625 260 ut,
655 209 690 250 si
721 209 812 265 quis
841 209 991 250 habeat
1020 208 1150 249 fidem
1177 207 1284 247 sicut
1304 223 1475 260 granum

55 287 223 344 sinapis,
255 286 420 342 dicat¹)
449 286 587 327 monti
614 287 839 328 transferre
869 303 926 337 se,
960 297 1000 326 et
1028 285 1269 327 transferet:
1303 285 1358 325 ita
1377 302 1475 340 pos-

56 365 177 407 sibile
209 366 340 419 est2),
369 375 416 404 ut
458 362 583 404 etiam
625 375 762 405 cetera
796 380 885 405 non
927 363 970 404 in
999 380 1084 404 uno
1117 363 1284 419 aliquo,
1329 362 1404 403 sed
1431 363 1475 403 in

54 443 246 500 pluribus
275 441 460 498 speciem
491 453 532 482 et
562 441 787 494 imaginem
819 442 1066 483 coelestium
1095 442 1241 482 ferant.
1293 439 1349 481 Et
1380 456 1476 481 cum

53 522 195 577 plures
230 520 333 570 sint,
374 519 492 560 verbi
520 519 667 572 gratia,
716 519 758 560 in
788 537 915 573 grano
953 520 1106 576 sinapis
1136 519 1333 568 virtutes,
1371 534 1476 574 quae

53 616 194 640 rerum
225 597 473 639 coelestium
513 597 711 650 imagines
748 610 936 647 teneant,
980 597 1154 638 ultimus
1193 609 1234 638 ct
1266 608 1473 638 extremus

0 723 3 733 ι
54 675 141 734 ejus
178 693 275 718 usus
312 687 373 717 est
403 674 501 726 iste,
544 674 616 732 qui
645 674 823 716 habetur
851 676 965 733 apud
995 675 1186 716 homines
1218 675 1260 716 in
1289 674 1475 716 ministe-

51 755 115 796 rio
159 753 383 812 corporali.
444 754 508 794 Ita
547 753 670 795 etiam
701 752 744 794 in
775 752 971 810 reliquis,
1015 751 1084 792 vel
1114 751 1366 804 seminibus,
1405 753 1474 794 vel

52 832 254 886 virgultis,
285 831 352 872 vel
382 832 607 872 herbarum
636 830 860 882 radicibus,
893 830 961 871 vel
977 829 1103 871 etiam
1125 829 1169 870 in
1192 829 1472 872 animantibus

50 909 229 963 intelligi
265 921 427 966 potest:
476 921 523 950 ut
551 925 675 950 usum
705 907 878 965 quidem
911 919 951 949 et
979 906 1260 949 ministerium
1291 908 1474 949 homini-

49 988 127 1029 bus
164 988 392 1044 praebeant
438 988 683 1043 corporale,
730 987 909 1028 habeant
950 998 1090 1027 autem
1139 986 1474 1043 incorporalium

50 1082 192 1107 rerum
218 1066 376 1107 formas
407 1076 448 1106 et
476 1064 698 1117 imagines,
729 1064 880 1121 quibus
912 1063 1058 1104 doceri
1088 1064 1225 1106 anima
1253 1064 1400 1121 possit,
1433 1076 1475 1105 et

52 1143 200 1186 instrui
231 1145 284 1186 ad
315 1143 640 1200 contemplanda
667 1142 792 1184 etiam
823 1157 882 1193 ea,
915 1158 1020 1199 quae
1049 1154 1146 1184 sunt
1173 1142 1402 1184 invisibilia
1433 1153 1473 1183 et

53 1221 263 1263 coelestia.
320 1222 376 1263 Et
405 1221 488 1262 hoc
518 1220 707 1262 fortassis
739 1232 812 1272 est,
843 1220 960 1277 quod
990 1219 1065 1261 ille
1095 1220 1277 1278 scriptor
1307 1220 1473 1262 divinae

51 1299 278 1356 sapientiae
310 1299 434 1340 dicit:
485 1298 610 1355 „ipse
627 1299 668 1356 3)
702 1297 813 1340 enim
851 1297 955 1339 mihi
997 1298 1114 1339 dedit
1155 1314 1326 1349 eorum,
1368 1314 1472 1354 quae

51 1388 168 1427 sunt,
212 1376 430 1419 scientiam
469 1392 632 1426 veram,
677 1388 723 1417 ut
753 1376 883 1417 sciam
912 1375 1185 1416 substantiam
1216 1375 1388 1425 mundi,
1434 1386 1475 1415 et

50 1453 224 1495 virtutes
254 1455 585 1502 elementorum,
625 1452 818 1503 initium,
857 1465 899 1494 et
934 1453 1089 1504 finem,
1132 1465 1173 1493 et
1201 1452 1475 1494 medietatem

50 1542 316 1587 temporum,
355 1529 690 1571 vicissitudinum
718 1529 1076 1586 permutationes,
1107 1542 1148 1571 et
1180 1529 1474 1572 conversiones

51 1618 308 1664 temporum,
341 1606 437 1662 et4)
471 1606 567 1648 anni
598 1605 792 1658 circulos,
824 1619 864 1648 et
893 1607 1110 1648 stellarum
1126 1607 1373 1663 positiones,
1402 1623 1474 1648 na-

49 1697 161 1726 turas
181 1686 222 1741 ⁵)
255 1684 514 1735 animalium,
549 1696 590 1725 et
619 1684 698 1725 iras
722 1684 964 1735 bestiarum,
994 1684 1218 1740 spirituum
1237 1684 1474 1734 violentias,

52 1774 94 1804 et
123 1762 399 1816 cogitationes
428 1761 664 1812 hominum,
696 1761 956 1803 differentias
986 1761 1288 1815 virgultorum,
1320 1773 1362 1802 et
1392 1761 1473 1801 vir-

51 1851 160 1881 tutes
190 1840 401 1882 radicum:
443 1841 518 1882 sed
550 1852 591 1881 et
619 1855 893 1897 quaecunque
925 1840 1091 1881 occulta
1110 1841 1151 1896 6)
1185 1851 1226 1880 et
1254 1839 1475 1880 manifesta

51 1929 158 1968 sunt,
192 1918 412 1972 cognovi.“
470 1918 580 1959 Vide
613 1934 726 1971 crgo,
756 1918 791 1959 si
820 1917 1030 1975 possimus
1062 1934 1111 1958 ex
1140 1916 1204 1958 his
1230 1916 1473 1973 Scripturae

51 1995 313 2037 sermonibus
346 2011 414 2046 ea,
446 2013 550 2053 quae
583 1996 792 2037 discutere
821 1995 1146 2052 proposuimus,
1176 1993 1358 2035 lucidius
1389 1993 1474 2034 evi-

52 2073 299 2130 dentiusque
331 2073 545 2127 colligere.
605 2073 777 2115 Etenim
805 2073 989 2129 scriptor
1025 2072 1102 2114 iste
1142 2071 1371 2128 sapientiae
1413 2070 1477 2112 di-

50 2149 194 2202 vinae,
228 2168 323 2193 cum
352 2151 514 2205 singula
545 2167 735 2208 quaeque
766 2162 1070 2201 enumerasset,
1101 2150 1153 2191 ad
1182 2149 1381 2191 ultimum
1413 2147 1477 2188 di-

50 2227 122 2279 xit,
152 2228 248 2285 quia
277 2229 558 2281 occultorum,
590 2241 631 2271 et
649 2230 969 2272 manifestorum
998 2227 1209 2284 acceperit
1237 2225 1475 2268 scientiam:

54 2305 276 2347 ostendens
313 2306 405 2348 sine
432 2306 586 2359 dubio,
633 2308 750 2364 quod
779 2306 1116 2364 unumquodque
1148 2320 1318 2356 eorum,
1367 2318 1474 2360 quae

173 2463 215 2544 ἱ)
245 2485 354 2529 Edd.
384 2487 446 2528 M.
477 2499 555 2539 „et
585 2488 696 2531 dicat
723 2490 861 2532 monti
889 2488 1106 2532 transferri
1135 2505 1177 2531 se
1190 2495 1214 2516 ‘²
1246 2500 1322 2531 etc.

168 2558 213 2614 ²)
243 2557 352 2599 Edd.
381 2557 446 2603 Μ.
474 2570 574 2608 „est
604 2559 730 2601 etiam
759 2571 808 2601 ut
839 2567 1009 2602 cetera“
1042 2572 1119 2603 etc.

168 2628 213 2685 3)
245 2628 343 2684 Sap.
375 2627 460 2670 Sal.
490 2628 595 2680 VII,
625 2628 827 2674 17—21.

169 2696 214 2756 4)
242 2698 377 2740 Deest
408 2703 520 2749 „et“
549 2697 594 2739 in
625 2699 719 2741 edd.
750 2700 813 2742 M.

170 2769 213 2826 ⁵)
242 2769 353 2811 Edd.
383 2769 444 2810 Μ.
477 2779 558 2822 „et
593 2779 772 2810 naturas.
785 2776 810 2795 “

167 2839 212 2893 ⁶)
244 2839 354 2881 Edd.
386 2839 447 2882 M.
480 2839 682 2889 „occulta
712 2850 807 2881 sunt
837 2851 879 2883 et
907 2843 1127 2886 manifesta
1158 2847 1288 2887 sunt“
1319 2852 1396 2883 etc.

55 2913 278 2959 Omenms
302 2916 476 2960 OPERA.
522 2916 644 2958 ΤοΜ.
660 2916 754 2958 XV.
1086 2921 1111 2962 4
