1734 3112
638 97 836 141 ΗοΜιιιΑ
857 97 915 144 Χ.
1418 102 1502 148 213

552 283 730 344 Ὁμιλία
774 282 939 341 δεκάτη
963 285 1016 341 ¹).

0 366 3 379 Ι
78 388 158 433 Εἰς
183 379 256 427 τό·
288 380 553 442 ,,γνώρισόν
567 383 610 441 ²)
638 400 735 442 μοι,
759 382 899 443 κύριε,
932 386 1008 427 καὶ
1026 382 1333 442 wedunam-‘⁶
1362 390 1498 447 μέχρι

131 463 234 504 τοῦ·
266 458 527 516 ,,συνάξατε
542 461 585 518 ³)
615 458 770 506 πάντα
799 459 852 504 τὰ
883 466 1023 520 θηρία
1052 465 1131 506 τοῦ
1164 462 1332 520 ἀγροῦ,
1365 466 1442 507 καὶ

388 537 645 583 ἐλθέτωσαν
674 543 963 596 καταφαγεῖν
993 539 1190 584 αὐτοῦ.“

183 649 221 695 1.
266 652 326 694 Εἰ
354 653 466 696 θεοῦ
508 648 645 707 λόγιιὶ
675 652 798 695 ἐστιν
835 651 886 696 ἒν
924 648 1074 711 νόμῳ,
1114 654 1191 696 καὶ
1221 650 1492 713 προφήταις,

4 766 13 782 ,
69 728 347 786 εὐαγγελίοις
365 744 410 774 τε
432 729 509 773 καὶ
536 725 824 784 ἀποστόλοις,
848 727 996 785 δεήσει
1018 727 1099 774 τὸν
1115 729 1495 788 μαθητευόμενον

37 808 176 851 ,θεοῦ
220 808 392 864 λογίοις
430 803 714 851 διδάσκαλον
761 806 1107 866 ἐπιγράφεσθαι
1144 807 1280 853 θεόν·
1337 807 1360 854 ὁ
1401 808 1493 868 γὰρ

67 880 357 940 διδάσκων4)
400 878 654 943 ἄνθρωπον
690 886 889 941 γνῶσιν,
934 881 957 928 ὁ
988 882 1095 933 θεός
1132 886 1279 942 ἐστιν,
1319 884 1376 936 ὠς
1416 889 1490 931 καὶ

66 961 116 1005 ἐν
147 963 350 1017 ψαλμοῖς
379 963 648 1020 γέγραπται.
709 963 803 1004 Καὶ
842 959 865 1005 ὁ
907 960 1055 1021 σωτὴρ
1096 961 1146 1007 δὲ
1174 969 1399 1023 μαρτυρεῖ
1424 962 1490 1022 μὴ

0 1040 4 1045 “
64 1039 163 1083 δεῖν
193 1036 542 1098 ἐπιγράφεσθαί
573 1054 675 1083 τινα
714 1034 1000 1084 διδάσκαλον
1039 1039 1117 1083 ἐπὶ
1154 1042 1230 1096 τῆς
1266 1043 1372 1099 γῆς,
1413 1044 1490 1087 λε’-

63 1132 180 1175 γων·
227 1116 407 1173 ,,καὶ5)
444 1113 574 1174 ὑμεῖς
618 1114 682 1173 μὴ
725 1118 938 1173 καλέσητε
979 1115 1262 1163 διδάσκαλον
1292 1118 1370 1162 ἐπὶ
1413 1122 1489 1175 τῆς

61 1197 167 1252 γῆς·
207 1189 267 1244 εἷς
302 1191 394 1253 γάρ
426 1195 549 1239 ἔστιν
578 1191 710 1251 ὑμῶν
741 1192 763 1239 ὁ
795 1191 1094 1251 διδάσκαλος,
1137 1193 1160 1240 ὁ
1196 1193 1346 1254 πατὴρ
1380 1194 1403 1240 ὁ
1436 1197 1487 1241 ἔν

61 1275 154 1321 τοῖς
183 1270 444 1331 οὐρανοῖς.“
488 1271 710 1317 Διδάσκει
740 1262 869 1322 οὗτος
901 1267 1000 1327 ἤτοι
1029 1272 1130 1316 καθ’
1162 1269 1317 1328 αὑτὸν,
1349 1269 1376 1328 ἢ
1408 1271 1486 1316 διὰ

62 1351 140 1393 τοῦ
181 1352 407 1407 Χριστοῦ,
461 1346 487 1405 ἢ
530 1351 580 1394 ἐν
625 1348 742 1407 ἁγίῳ
787 1347 1036 1409 πνεύματι,
1088 1346 1116 1404 ἢ
1162 1347 1239 1392 διὰ
1275 1347 1484 1409 Παύλου,

62 1424 158 1484 φέρ’
206 1428 374 1482 εἰπεῖν,
419 1422 447 1481 ἢ
488 1424 564 1470 διὰ
604 1428 805 1485 Πέτρου,
856 1423 883 1481 ἢ
926 1424 1002 1471 διά
1048 1443 1168 1477 τινος
1206 1429 1298 1472 τῶν
1336 1423 1488 1473 ἄλλων

62 1502 222 1561 ἁγίων,
252 1501 402 1561 μόνον
431 1506 544 1548 θεοῦ
573 1506 758 1563 πνεῦμα
788 1507 865 1549 καὶ
894 1507 1006 1549 θεοῦ
1028 1501 1164 1561 λόγος
1194 1504 1485 1565 ἕπιδημείτω,

59 1584 136 1624 καὶ
167 1583 430 1626 διδασκέτω.
481 1579 632 1626 Ταῦτά
659 1598 742 1639 μοι
771 1580 885 1639 πρὸς
913 1586 958 1626 τί
984 1585 1175 1642 εἴρηται,·
1211 1582 1486 1645 Ἐπειδήπερ

61 1659 205 1717 φησὶν
235 1657 257 1703 ὁ
288 1657 550 1719 προφήτης·
581 1657 844 1719 ,,γνώρισὸν
859 1660 901 1717 ⁶)
933 1676 1038 1717 μοι,
1072 1657 1217 1721 κύριε,
1251 1664 1328 1704 καὶ
1357 1660 1485 1719 γνώ-

62 1738 256 1797 σομαι.“
315 1736 382 1782 Οὐ
412 1734 502 1795 γὰρ
532 1734 794 1796 γνώσομαι,
826 1735 914 1782 &civ
945 1736 1012 1794 μὴ
1044 1735 1098 1781 σύ
1128 1754 1209 1794 μοι
1240 1743 1482 1801 γνωρίσῃς.

54 1813 166 1859 Ἐὰν
205 1815 254 1860 δὲ
294 1813 591 1873 γνωρίζοντός
628 1828 712 1860 σου
754 1815 859 1872 ἐμοὶ
900 1818 1024 1872 γνῷ,
1073 1812 1171 1862 τότε
1212 1811 1391 1875 ὄψομαι
1428 1816 1483 1861 τὰ

57 1890 391 1950 ἐπιτηδεύματα
421 1893 584 1949 αὐτῶν,
616 1895 694 1937 καὶ
724 1890 873 1948 νοήσω
908 1889 931 1937 ὃ
962 1893 1148 1943 ἕκαστος
1173 1892 1371 1953 πράττει,
1405 1898 1484 1939 καὶ

57 1975 190 2021 ποίας
231 1972 326 2015 ἐστὶ
362 1974 679 2032 προαιρέσεως.
752 1973 906 2015 Ταῦτα
946 1969 969 2015 ὁ
1007 1969 1260 2030 προφήτης.
1329 1976 1390 2016 Εἰ
1429 1975 1481 2019 δὲ

62 2047 84 2093 ὃ
114 2046 260 2110 σωτὴρ
296 2050 347 2094 ἐν
386 2052 446 2107 τῷ
477 2046 713 2111 προφήτῃ,
755 2049 930 2107 ἴδωμεν
966 2053 1066 2093 τίνα
1098 2053 1242 2108 λέγει·
1284 2050 1417 2109 ,,ἔγώ
1436 2052 1479 2108 ⁷)

58 2125 115 2178 ὥς
145 2127 306 2186 ἀρνίον
344 2124 517 2172 ἄκακον
555 2125 792 2186 ἀγόμενον
827 2129 908 2172 τοῦ
948 2125 1147 2173 θύεσθαι
1188 2127 1271 2172 οὐκ
1311 2130 1475 2186 ἔγνων.

52 2204 146 2249 Ἐπ’
166 2205 246 2263 ἐμὲ
275 2206 540 2264 ἒλογίσαντο
571 2204 812 2264 λογισμὸν,
844 2208 1069 2263 λέγοντες·
1101 2207 1250 2262 δεῦτε,
1283 2209 1360 2251 καὶ
1389 2207 1477 2265 ἐμ-

54 2280 267 2342 βάλωμεν
282 2284 325 2338 8)
356 2282 493 2334 ξύλον
522 2286 584 2334 εἰς
611 2282 692 2329 τὸν
721 2280 861 2343 ι’ἱρτον
892 2282 1047 2338 αὐτοῦ,
1081 2286 1158 2327 καὶ
1188 2284 1478 2341 ἐκτρίψωμεν

61 2359 200 2406 αὐτὸν
230 2360 322 2405 ἀπὸ
363 2365 446 2417 γῆς
475 2360 667 2414 ζώντων.
727 2365 820 2406 Καὶ
859 2359 909 2406 τὸ
952 2356 1101 2418 ὄνομα
1142 2359 1279 2404 αὐτοῦ
1319 2361 1371 2405 οὐ
1408 2360 1472 2419 μή

175 2489 216 2546 ¹)
245 2488 353 2530 Edd.
367 2487 422 2531 H.
435 2487 551 2540 etR.,
567 2490 684 2532 uncis
697 2488 887 2532 inclusis:
907 2487 1022 2547 juxta
1034 2488 1344 2547 Hieronymum
1353 2489 1470 2532 VIII.

172 2559 218 2616 2)
245 2558 403 2601 Jerem.
431 2558 522 2609 XI,
553 2558 618 2603 18.

170 2630 214 2686 ³)
246 2629 332 2673 cfr.
363 2630 520 2671 Jerem.
550 2629 658 2682 XII,
686 2631 726 2675 9.
757 2656 812 2666 —-
840 2631 947 2675 Edd.
980 2632 1034 2674 H.
1065 2630 1473 2688 ,,καταφαγῆναι.“

170 2700 214 2756 ⁴)
243 2700 396 2742 Psalm.
425 2699 579 2749 XCIV,
611 2698 677 2743 10.
709 2701 910 2758 (XCIII.)

171 2769 215 2826 ⁵)
245 2770 330 2812 Cfr.
358 2769 508 2812 Matth.
541 2768 715 2821 XXIII,
743 2771 782 2815 9.
901 2773 945 2829 ⁶)
972 2773 1127 2816 Jerem.
1159 2774 1243 2823 XI,
1274 2771 1339 2817 18.

175 2840 218 2894 ⁷)
249 2840 336 2881 Cfr.
368 2841 521 2882 Jerem.
552 2840 638 2892 XI,
670 2839 734 2885 19.
823 2843 869 2900 ο)
896 2842 1006 2887 Edd.
1036 2843 1088 2889 H.
1120 2839 1472 2902 ,,ἔκβᾶλωμεν.“
