1763 3112
615 88 812 130 Holmtm
839 86 955 128 XIV.
1407 87 1492 133 265

83 217 177 258 γεις
209 199 329 256 αὐτῷ
359 198 436 248 τὰς
466 200 670 259 θυρίδας,
700 201 943 257 εἰσέρχεται
971 195 1084 255 πρὸς
1113 201 1186 242 σε’·
1216 199 1492 258 πιστεύειςῐ)

85 281 146 327 εἷς
176 276 329 322 αὐτόν.
391 274 501 319 Ἐὰν
538 276 588 319 δὲ
625 293 690 334 μη
728 276 960 335 παραδέξῃ
999 275 1104 333 περὶ
1132 280 1492 333 Χριστιανισμοῦ

88 352 283 408 ἀκούων,
316 351 450 396 οὐδὲν
481 349 589 397 ι’ἔλλο
621 356 873 408 πεποίηκας
899 348 927 406 ἢ
957 352 1255 401 κατεδίκασας
1290 351 1371 395 τὸν
1406 353 1495 407 Ἰη-

88 433 201 475 σοῦν
230 427 532 486 ψευδόμενον,
566 428 624 479 ὠς
651 426 946 483 πλανήσαντα
976 426 1081 478 τοὺς
1110 426 1405 487 ἀνθρώπους,
1438 430 1497 479 ὠς

89 507 169 551 οὐκ
198 504 491 562 ἀληθεύοντα,
524 505 599 551 διὰ
631 509 709 550 τοῦ
739 501 802 562 μὴ
832 509 1177 550 πεπιστευκέναι
1215 508 1276 562 τῷ
1307 502 1427 561 λόγῳ
1459 507 1494 563 ᾠ

88 581 307 628 διδάσκει.
377 581 483 638 ,,Ὡς
499 584 541 639 ²)
579 587 679 626 τίνα
717 599 775 639 ιιε
816 585 957 632 ε’τεκες
996 580 1143 642 ανδρα
1183 580 1494 638 δικαζόμενον,

87 663 164 703 καὶ
193 659 543 721 διακρινόμενον
571 660 621 703 ἓν
649 657 773 720 πάσῃ
804 663 853 720 τῇ
884 661 1010 720 γῇ;“

1052 657 1180 703 ’Όσοι
1210 659 1298 715 μὲν
1330 662 1500 704 τέλειον

87 736 353 793 ἀπιστοῦσι,
399 735 772 787 καταδικάζουσιν
811 735 962 781 αὐτόν.
1032 733 1164 781 Ὅσοι
1193 736 1243 779 δὲ
1274 735 1357 780 οὐκ
1388 735 1500 780 ἀπι-

89 817 294 870 στοῦσιν,
337 813 449 858 ἀλλά
488 811 830 873 ἀμφιβάλλουσι
860 816 964 873 περὶ
994 813 1157 868 αὐτοῦ,
1191 814 1501 872 διακρίνονται

89 894 195 949 περὶ
225 891 377 936 αὐτοῦ.
440 889 538 935 Δύο
577 887 741 948 πάσχει
771 889 793 934 6
832 891 1000 946 Ἰησοῦς
1030 891 1081 933 ἓν
1110 889 1394 947 ἀνθρώποις·
1424 891 1502 934 ἐπὶ

89 969 177 1023 μὲν
204 972 295 1013 τῶν
322 969 529 1013 ἀπίστων
557 965 918 1021 καταδικάζεται,
951 964 1040 1010 ὑπὸ
1070 966 1121 1010 δὲ
1151 964 1363 1023 διψύχων
1392 968 1500 1010 δια-

90 1051 301 1103 κρίνεται.
356 1044 467 1088 Έάν
496 1048 692 1105 φορέσῃς
709 1047 750 1100 ³)
789 1042 871 1099 τὴν
909 1042 1064 1088 εἰκόνα
1093 1045 1173 1087 τοῦ
1203 1043 1499 1102 ἐπουρανίου,

91 1123 378 1180 ἀποθέμενος
407 1119 491 1176 τῆν
519 1120 672 1166 εἰκόνα
702 1125 780 1164 τοῦ
807 1125 993 1177 χοϊκοῦ,
1041 1120 1122 1165 οὐκ
1153 1115 1198 1165 εἶ
1221 1123 1280 1177 γῆ
1310 1123 1504 1165 καταδι-

90 1198 286 1251 κάζουσα
320 1198 472 1254 αὐτὸν,
506 1198 613 1243 οὐδὲ
644 1195 686 1243 εἶ
710 1201 786 1255 γῆ,
819 1197 869 1240 ἐν
897 1189 923 1257 ᾗ
954 1194 1316 1248 καταδικάζεται·
1358 1197 1505 1243 οὐκέτι

89 1280 153 1335 γῆ
183 1282 249 1333 εἴη
279 1279 575 1333 διακρίνουσα
606 1273 757 1318 αὐτόν.

203 1355 243 1399 9.
275 1353 360 1409 ,,“Η
374 1354 416 1408 4)
449 1350 578 1409 ἰσχύς
604 1368 696 1408 μου
729 1351 930 1400 ἐξέλιπεν
968 1351 1018 1394 ἒν
1046 1355 1140 1400 τοῖς
1168 1353 1505 1410 καταρωμένοις

171 1434 200 1456 “
257 1430 303 1475 ‘0
334 1427 586 1477 ἀπόστολος
615 1431 734 1485 λέγει
765 1431 868 1484 περὶ
897 1430 976 1472 τοῦ
1008 1430 1218 1485 σωτῆρος,
1252 1426 1319 1472 ὅτι
1341 1429 1506 1473 ἐσταυ-

91 1449 164 1489 με.

95 1507 219 1569 ρώθη
251 1509 297 1558 ἐξ
335 1507 588 1556 ἀσθενείας.
655 1508 748 1548 Καὶ
788 1503 810 1548 6
849 1503 1085 1563 προφήτης
1122 1506 1174 1550 δὲ
1209 1503 1507 1563 παραπλήσια

94 1585 266 1634 τούτοις
301 1588 421 1642 λέγει
459 1584 509 1627 ἐν
538 1586 625 1640 τῷ·
670 1580 909 1638 ,,κύριε,5)
948 1585 1013 1632 τίς
1049 1583 1283 1627 ἐπίστευσε
1312 1586 1362 1644 τῇ
1394 1583 1507 1645 ἀκοῇ

96 1663 255 1723 ἡμῶν;
287 1665 363 1706 καὶ
396 1660 419 1706 6
454 1665 657 1721 βραχίων
687 1663 844 1717 κυρίου
874 1663 959 1702 τίνι
991 1656 1317 1717 ἀπεκαλύφθη;
1342 1659 1508 1718 Ἀνηγ-

94 1743 313 1798 γείλαμεν
346 1739 554 1782 ἐναντίον
583 1735 721 1780 αὐτοῦ
753 1734 811 1785 ὠς
839 1737 1042 1791 παιδίον,
1075 1734 1134 1784 ὠς
1165 1738 1261 1794 ῥίζα
1283 1737 1332 1780 ἓν
1354 1739 1412 1797 γῇ
1435 1738 1509 1781 δι-

98 1816 302 1876 ψώσῃ.6)
360 1815 567 1872 Εἴδομεν
605 1811 767 1868 αὐτὸν,
812 1815 890 1856 καὶ
929 1812 1010 1856 οὐκ
1048 1808 1169 1870 εἶχεν
1207 1808 1347 1869 εἶδος,
1401 1814 1509 1859 οὐδὲ

95 1892 278 1943 κάλλος·
332 1889 445 1936 ἀλλά
487 1889 537 1934 τὸ
577 1885 697 1939 εἶδος
736 1889 855 1946 αὐτῷ
897 1885 1085 1948 ἄτιμον,
1137 1891 1348 1935 ἐκλεῖπον
1382 1891 1510 1950 παρὰ

96 1970 199 2020 τοὺς
236 1968 360 2018 υἱοὺς
401 1970 492 2012 τῶν
528 1965 804 2025 ἀνθρώπων.
852 1961 1122 2023 ’Ἀνθρωπος
1159 1967 1210 2011 ἒν
1246 1971 1395 2030 πληγῇ
1426 1966 1506 2026 ὢν,

96 2049 174 2092 καὶ
202 2047 253 2092 ἐν
281 2043 426 2102 πόνῳ,
458 2047 538 2088 καὶ
566 2042 696 2094 εῗδώς
725 2046 883 2104 φέρειν
908 2048 1155 2102 μαλακίαν,
1191 2042 1261 2089 ὅτε
1279 2045 1510 2107 ἀπέστρα-

96 2141 205 2169 πται
234 2121 284 2168 τό
311 2121 563 2181 πρόσωπον
601 2121 739 2166 αὐτοῦ
772 2119 862 2165 ἀπὸ
889 2120 1095 2178 ἀτιμίας,
1128 2120 1381 2179 ἤτιμάσθη,
1434 2126 1511 2167 καὶ

218 2323 260 2379 ¹)
288 2323 396 2365 Edd.
437 2324 491 2365 H.
533 2335 575 2365 et
610 2325 664 2366 R.
701 2323 745 2365 in
774 2324 907 2366 notis:
950 2325 1282 2383 „Hieronymus-
1332 2327 1510 2369 credis

105 2380 159 2420 in
188 2379 375 2428 Deum,
411 2392 658 2421 vescetur
694 2392 883 2423 tecum.
950 2382 1169 2423 Postrema
1207 2382 1308 2423 haec
1349 2383 1511 2425 deside-

103 2448 247 2477 rantur
276 2434 321 2477 in
352 2436 457 2476 Cod.
489 2437 783 2480 Scorialensi.“

220 2506 263 2560 ²)
293 2505 447 2545 Jerem.
477 2506 571 2555 XV,
602 2506 667 2549 10.
784 2508 826 2564 3)
860 2508 946 2549 Cfr.
978 2508 996 2547 I
1029 2507 1126 2548 Cor.
1158 2509 1252 2559 XV,
1282 2509 1348 2552 49.

218 2573 261 2630 4)
290 2575 444 2616 Jerem.
475 2575 568 2624 XV,
600 2574 664 2617 10.
783 2578 824 2631 ⁵)
857 2577 942 2619 Cfr.
971 2577 1093 2617 Jesai.
1126 2578 1247 2627 LIII,
1281 2579 1355 2621 1—
1361 2580 1400 2622 5.

219 2645 260 2701 6)
292 2645 345 2685 H.
377 2646 429 2685 ad
459 2644 706 2696 marginem:
739 2646 941 2695 „scribe‚“
970 2649 1021 2688 R.
1053 2648 1094 2687 in
1118 2648 1250 2688 notis:
1285 2660 1409 2703 „post
1439 2651 1512 2692 δι.-

105 2698 234 2760 ψώση
268 2701 426 2750 Codex,
457 2717 582 2756 quem
611 2713 774 2742 secutus
799 2713 860 2742 est
874 2703 1168 2765 Hieronymus,
1199 2705 1396 2745 habebat:
1429 2706 1511 2750 οὐκ

102 2761 222 2801 ἔστιν
263 2759 381 2806 ειδος
421 2759 564 2813 αὐτῷ,
607 2758 709 2801 οὐδὲ
751 2756 876 2807 δόξα.
937 2762 1172 2804 Είδοιιεν·
1221 2764 1307 2802 κτλ.
1345 2785 1389 2793 --
1425 2763 1509 2805 Cfr.

102 2814 223 2855 Jesai.
254 2814 368 2863 LIII,
397 2813 437 2857 2.
