1734 3112
662 111 803 153 [amna
834 111 911 154 III.
1455 109 1510 155 57

87 242 168 284 que
199 241 283 268 non
314 224 371 266 ita
399 223 534 283 inepti
562 224 738 276 erimus,
777 235 824 265 ut
854 234 1072 281 putemus,
1116 224 1233 280 quod
1264 223 1335 279 qui
1366 240 1510 268 seeun-

88 305 189 345 dum
221 319 372 359 corpus
403 317 499 343 eum
530 301 660 353 vidit,
690 301 845 344 viderit
876 300 1002 343 etiam
1030 310 1218 356 patrem:
1258 298 1419 357 alioqui
1448 302 1511 344 in-

88 381 310 422 veniuntur
339 390 381 420 et
410 379 605 430 Scribae,
650 391 690 421 et
719 377 955 428 Pharisaei,
988 388 1030 419 et
1059 376 1326 435 hypocritae,
1370 389 1410 419 et
1440 379 1512 420 Pi-

89 455 325 514 latussqui
358 473 452 499 eum
492 457 668 512 flagellis
712 456 885 506 cecidit,
934 467 975 497 et
1005 454 1142 496 omnis
1180 454 1393 511 populus,
1440 456 1514 512 qui

90 535 314 577 clamabat:
361 534 676 592 „crucifige¹),
722 533 917 587 crucifige
968 538 1101 575 eum“
1140 530 1330 573 videntes
1367 532 1515 574 Jesum

88 613 316 655 secundum
359 629 546 664 carnem,
593 613 718 655 etiam
755 613 896 655 Deum
937 622 1102 669 patrem
1143 609 1308 652 vidisse.
1382 608 1515 664 Quod

90 690 232 747 utique
261 706 349 732 non
378 692 515 733 solum
547 692 773 733 absurdum
805 690 972 732 videtur
1005 705 1114 739 esse,
1146 688 1220 729 sed
1251 698 1292 729 et
1321 686 1515 744 impium.

80 748 206 808 'Sicut
237 767 361 819 enim,
394 785 489 811 cum
519 770 666 811 turbae
699 785 795 811 eum
827 767 1183 825 comprimerent,
1218 776 1388 807 euntem
1420 782 1516 808 cum

89 843 327 901 discipulis,
371 846 512 888 nullus
551 863 722 896 eorum,
771 846 843 903 qui
881 847 1131 904 premebant
1170 854 1211 884 et
1252 843 1519 884 coarctabant

90 938 199 973 eum,
229 921 412 976 tetigisse
445 922 599 964 dicitur
630 939 739 976 eum,
770 924 850 966 nisi
880 924 956 966 illa
984 924 1089 974 sola,
1122 938 1227 979 quae
1257 921 1518 978 profluvium

89 999 296 1053 sanguinis
326 1016 446 1057 passa
475 1000 612 1052 venit,
654 1013 695 1043 et
743 1002 882 1056 tetigit
910 1001 1119 1044 fimbriam
1149 998 1387 1042 vestimenti
1416 998 1519 1057 ejus,

90 1089 131 1119 et
158 1077 239 1135 ipsi
269 1078 353 1120 soli
381 1078 671 1121 testimonium
701 1079 918 1137 perhibet,
950 1078 1117 1131 dicens,
1157 1077 1253 1135 quia
1284 1075 1459 1130 „tetigit
1474 1076 1518 1133 ²)

89 1172 157 1197 me
188 1155 359 1213 aliquis:
402 1172 478 1210 ego
511 1156 622 1198 enim
651 1157 782 1208 sensi,
827 1157 1028 1199 virtutem
1060 1158 1111 1200 de
1142 1172 1212 1197 me
1244 1154 1431 1197 exisse:“
1462 1154 1521 1197 ita

93 1248 134 1278 ct
164 1252 260 1277 cum
287 1235 432 1291 plures
465 1246 622 1286 essent,
665 1235 737 1292 qui
769 1251 866 1277 eum
897 1234 1118 1286 videbant,
1157 1234 1299 1276 nullus
1333 1250 1429 1275 cum
1461 1233 1523 1275 vi-

92 1313 199 1356 disse
230 1311 397 1364 dicitur,
427 1312 507 1355 nisi
538 1313 610 1369 qui
641 1313 834 1367 agnovit,
867 1314 982 1371 quod
1012 1313 1189 1354 verbum
1218 1310 1304 1353 Dei
1336 1322 1377 1353 et
1406 1310 1518 1352 filius

88 1392 174 1434 Dei
213 1403 293 1433 est:
337 1392 382 1432 in
422 1406 506 1447 quo
544 1390 691 1447 utique
730 1391 856 1433 simul
896 1390 1064 1445 agnosci
1110 1402 1150 1432 et
1188 1389 1323 1431 videri
1364 1388 1518 1430 dicitur

90 1482 222 1528 pater.
281 1468 369 1510 Sed
406 1479 447 1508 et
484 1467 566 1509 hoc
602 1484 680 1510 nos
721 1484 808 1509 non
844 1479 1101 1525 praetereat,
1149 1467 1264 1524 quod
1303 1466 1420 1522 prius
1454 1482 1521 1507 ca·

92 1563 230 1605 preae,
263 1557 304 1586 et
332 1561 444 1586 nunc
461 1545 504 1601 3)
536 1544 714 1587 hinnulo
747 1562 971 1588 cervorum
1002 1555 1283 1601 comparatur,
1315 1561 1410 1586 cum
1440 1543 1523 1585 uti-

96 1642 176 1682 que
196 1622 329 1682 majus
351 1622 506 1664 animal
529 1639 674 1664 cervus
694 1641 819 1680 quam
853 1640 1000 1680 caprea
1029 1622 1234 1664 videatur.
1277 1622 1364 1664 Sed
1394 1621 1526 1663 anim-

94 1704 286 1752 adverte,
339 1717 393 1742 ne
428 1700 505 1741 illa
542 1701 686 1757 potius
725 1701 766 1743 in
808 1701 871 1743 his
909 1702 1102 1742 habenda
1139 1700 1192 1741 sit
1230 1699 1362 1741 ratio:
1412 1699 1522 1756 quia,

95 1797 191 1823 cum
220 1777 448 1836 dupliciter
479 1789 642 1819 constet
681 1779 791 1820 salus
823 1779 1110 1829 credentium,
1148 1793 1227 1835 per
1264 1777 1523 1831 agnitionem

95 1858 195 1900 fidei
225 1869 266 1899 et
297 1873 474 1913 operum
504 1856 840 1912 perfectionem,
889 1856 996 1899 ratio
1036 1856 1163 1907 fidei,
1211 1873 1317 1914 quae
1350 1846 1430 1913 pro
1461 1856 1523 1898 in-

95 1935 207 1978 tuitu
246 1946 287 1976 et
315 1933 578 1990 inspectione
611 1934 983 1991 contemplationis
1015 1950 1214 1991 capreae,
1252 1946 1300 1976 ut
1331 1934 1523 1987 diximus,

96 2023 377 2070 comparatur,
404 2011 565 2067 primus
593 2013 797 2054 habeatur
826 2012 970 2055 salutis
1000 2013 1172 2066 gradus:
1203 2013 1388 2054 secundo
1421 2029 1521 2054 vero

95 2091 136 2133 in
167 2092 266 2132 loco
299 2105 478 2147 operum
508 2091 741 2147 perfectiO,
773 2107 878 2148 quae
911 2090 1023 2132 cervi
1053 2092 1236 2132 formam
1265 2102 1403 2142 tenet,
1434 2090 1524 2132 vin-

97 2169 225 2211 centis
255 2180 296 2211 et
324 2167 572 2225 perimentis
600 2185 760 2211 venena
789 2168 1048 2226 serpentium
1066 2201 1076 2220 ,
1108 2168 1153 2210 id
1186 2180 1267 2220 est,
1297 2180 1405 2210 artes
1438 2168 1524 2210 dia-

97 2246 278 2296 bolicas,
316 2258 588 2288 memoretur.
649 2247 696 2290 Si
737 2263 835 2301 ergo
876 2263 1030 2303 sponsa
1068 2246 1252 2288 similem
1291 2246 1394 2288 dicit
1437 2262 1524 2288 esse

99 2326 329 2365 fraternum
367 2342 489 2366 suum
530 2342 724 2382 capreae,
765 2325 831 2366 vel
863 2324 1041 2366 hinnulo
1075 2341 1297 2366 cervorum
1328 2324 1371 2366 in
1401 2340 1524 2366 mon-

97 2401 209 2442 tibus
239 2401 405 2452 Bethel,
433 2402 586 2444 Bethel
616 2419 716 2444 vero
749 2403 900 2444 domus
930 2402 1016 2443 Dei
1045 2402 1345 2460 interpretatur
1363 2434 1374 2454 ,
1404 2418 1526 2444 mon-

97 2492 160 2521 tes
193 2494 306 2532 erg0,
339 2479 410 2535 qui
438 2479 483 2521 in
514 2482 644 2522 domo
675 2480 760 2522 Dei
790 2492 899 2531 sunt,
929 2492 1107 2536 possunt
1136 2480 1239 2534 legis
1270 2492 1311 2522 et
1339 2480 1524 2536 prophe-

99 2568 258 2609 tarum,
298 2557 374 2598 sed
404 2568 446 2598 et
484 2557 721 2611 evangelica
759 2569 802 2601 et
840 2556 1075 2615 apostolica
1112 2557 1249 2616 accipi
1293 2555 1522 2607 volumina,

99 2698 429 2706 m----.v-„—--

221 2789 259 2846 ¹)
290 2789 391 2830 Luc.
422 2785 592 2836 XXIII,
622 2785 688 2830 21.
806 2790 851 2847 2)
880 2789 978 2831 Luc.
1011 2789 1138 2839 VIII,
1168 2786 1235 2830 46.

220 2867 264 2923 ³)
293 2866 401 2908 Edd,
432 2866 492 2908 Μ.
525 2862 671 2916 „sic.“
