1763 3112
241 74 325 118 254
676 74 895 116 Omssnms
923 86 968 116 ηε
997 73 1233 115 Jssmzmmm

242 188 409 242 μένους
438 199 485 232 ,τε
514 187 590 238 τῆς
619 186 791 243 δωρεᾶς
820 189 895 240 τῆς
925 186 1216 240 ἐπουρανίου,
1249 187 1325 227 καὶ
1346 183 1564 242 μετόχους
1578 202 1656 246 γε-

244 266 462 318 νηθέντας
489 259 750 319 πνεύματος
779 259 928 317 ἁγίου,
959 264 1038 304 καὶ
1056 260 1196 309 καλὸν
1214 265 1522 319 γευσαμένους
1550 267 1658 308 θεοῦ

244 342 382 398 ῥῆμα,
408 337 634 395 ,δυνάμεις
670 354 715 382 τε
752 341 996 394 μέλλοντος
1026 341 1216 394 αἰῶνος,
1257 341 1334 382 καὶ
1363 338 1661 395 παραπεσόν-

242 434 334 472 τας,
365 415 504 459 πάλιν
534 414 836 466 ἀνακαινίζειν
864 418 926 463 εἰς
952 414 1224 473 μετάνοιαν,
1269 414 1664 475 ἀνασταυροῦντας

243 496 294 539 ἐν
324 495 497 542 ἑαυτοῖς
525 492 606 536 τὸν
636 490 738 536 υἶὸν
767 495 844 535 τοῦ
860 494 988 546 θεοῦ,
1020 496 1096 535 καὶ
1116 494 1660 552 παραδειγματίζοντας.“

243 569 395 615 πάντα
426 567 724 628 πράττωμεν,
765 571 839 611 ἵνα
870 567 932 623 μὴ
973 573 1049 612 καὶ
1079 572 1185 627 περὶ
1216 567 1347 626 ἡμῶν
1376 574 1557 627 λέγηται
1588 568 1660 616 τό·

241 649 398 704 ,,τίς’)
429 652 632 704 φείσεται
663 647 740 688 ἐπὶ
765 647 842 688 ,σοὶ
869 643 1184 703 Ἶερουσαλήμ;
1226 650 1303 689 καὶ
1343 652 1406 697 τίς
1451 653 1662 705 σκυθρω-

243 723 378 770 πάσει
430 724 506 766 ἐπὶ
547 728 643 777 σοί,
689 719 714 776 ἦ
759 727 825 770 τίς
863 721 1131 780 ἀνακάμψει
1175 724 1397 781 ἐρωτῆσαι
1437 727 1499 773 εἷς
1541 722 1664 780 εἰρή-

245 818 329 858 νην
359 817 431 844 σοι
441 801 500 853 ;“

355 877 393 922 3.
425 878 518 920 Καὶ
547 876 661 935 πρὸς
693 876 910 934 ἑκατέραν
941 877 989 920 δὲ
1013 877 1257 934 ἑρμηνείαν
1285 875 1665 933 τῆςἾερουσαλὴμ

245 953 439 1012 ἁρμόσει
471 956 548 996 καὶ
578 952 627 997 τὸ
661 954 782 1007 ἑξῆς·
812 952 905 1008 „Gis
920 954 961 1010 2)
1005 951 1298 1011 ἀπεστράφης
1325 971 1404 1012 με,
1434 957 1554 1012 λέγει
1585 952 1664 997 κύ-

804 1032 832 1053 “
897 1027 991 1073 Ὅτι
1032 1028 1328 1088 ἀπεστράφης
1366 1048 1424 1087 με
1454 1031 1534 1075 τὸν
1564 1029 1665 1074 υἱὸν

243 1050 351 1093 ριος,
395 1031 539 1076 ὀπίσω
581 1029 796 1090 πορεύσῃ.

242 1112 321 1153 τοῦ
355 1111 483 1162 θεοῦ,
512 1110 590 1150 καὶ
621 1107 697 1150 διὰ
738 1106 788 1151 τὸ
831 1106 1156 1164 ἀπεστράφθαι
1186 1105 1266 1149 τὸν
1296 1107 1398 1152 υἱὸν
1427 1111 1506 1165 τοῦ
1537 1111 1663 1163 θεοῦ,

243 1184 538 1243 ἀπεστράφης
574 1182 655 1227 τὸν
698 1182 835 1227 θεόν·
878 1189 922 1226 τί
957 1184 1030 1227 δεῖ
1056 1187 1133 1226 καὶ
1162 1186 1335 1241 λε’γειν,·
1386 1188 1478 1228 Καὶ
1508 1181 1662 1237 ἐπειδὴ

242 1258 514 1321 ἀπεστράφη
554 1258 580 1315 ἡ
621 1258 937 1317 Ἰερουσαλὴμ,
969 1261 1020 1302 ἓν
1047 1263 1097 1319 τῇ
1126 1260 1323 1317 Ἰουδαίᾳ
1353 1261 1434 1305 τὸν
1465 1259 1666 1318 Χριστὸν

239 1339 485 1392 ἀθετοῦσα,
520 1338 851 1393 συνεκδοχικῶς
879 1335 1056 1386 πάντας
1084 1335 1189 1386 τούς
1213 1336 1464 1388 Ἰουδαίους
1494 1342 1664 1396 σημαί-

1157 1415 1185 1436 “
1237 1406 1326 1456 3Hv
1355 1414 1445 1473 γὰρ
1479 1412 1550 1458 ὅτε
1578 1413 1665 1457 οὐκ

241 1433 332 1472 νει,
374 1413 451 1459 δια
486 1416 617 1457 τοῦτο
657 1413 840 1468 ,,ὂπίσω
857 1413 902 1468 ᾗ)
930 1411 1148 1473 πορεύσῃ.

242 1493 388 1538 ὀπίσω
421 1486 687 1549 ἐπορεύετο,
732 1489 845 1534 ἄλλα
877 1491 1168 1551 ἔμπροσθεν·
1200 1493 1285 1535 νῦν
1314 1492 1365 1534 δὲ
1397 1489 1542 1539 ὀπίσω
1573 1507 1663 1535 πο-

240 1569 467 1630 ρεύσεται·
513 1571 591 1611 καὶ
621 1566 915 1625 ἐστράφησαν
952 1574 1049 1618 ταῖς
1079 1570 1288 1625 καρδίαις
1315 1571 1378 1617 εἰς
1405 1572 1662 1630 Αἴγυπτον,

241 1651 385 1703 δῆλον
415 1645 483 1690 ὅτι
513 1649 591 1689 ἵνα
620 1644 765 1689 ὀπίσω
796 1649 1074 1702 πορευθῶσι.
1145 1650 1260 1702 Περὶ
1298 1646 1349 1690 δὲ
1390 1649 1470 1688 τοῦ
1499 1650 1545 1688 τί
1571 1646 1664 1688 ἐστι

241 1723 315 1770 τό·
349 1723 528 1780 „finiam
544 1722 587 1778 4)
619 1721 843 1782 πορεύσῃ·
860 1724 890 1745 “
919 1719 948 1778 ἢ
978 1728 1024 1766 τί
1053 1729 1146 1773 τοῖς
1175 1725 1441 1783 ἔμπροσθεν
1459 1725 1664 1768 ἐπεκτεί-

245 1807 432 1856 νεσθαι,
476 1797 591 1843 οὕτω
635 1798 1016 1855 παραστήσωμεν.
1085 1798 1132 1845 Ὁ
1161 1802 1336 1850 δίκαιος
1365 1806 1457 1850 τοῖς
1486 1802 1664 1857 ἔμπρο-

241 1885 355 1924 σθεν
385 1879 700 1930 ἐπεκτείνεται,
732 1879 825 1920 τῶν
855 1873 1050 1922 ’ὄπισθεν
1080 1877 1452 1923 ἐπιλανθάνεται.
1473 1879 1516 1936 ⁵)
1563 1880 1663 1931 Λῆ-

238 1961 325 2001 λον
355 1953 421 2000 ὅτι
436 1955 478 2012 ⁶)
511 1953 534 1998 ὁ
565 1955 780 2002 ἐναντίως
810 1957 872 2011 τῷ
891 1955 1053 2010 δικαίῳ
1077 1956 1379 2013 διακείμενος,
1411 1958 1501 1999 τῶν
1515 1954 1661 1999 ὀπίσω

239 2038 484 2092 μέμνηται,
516 2034 594 2074 καὶ
625 2038 718 2082 τοῖς
746 2032 1013 2090 ἔμπροσθεν
1037 2031 1117 2077 οὐκ
1145 2033 1462 2090 ἐπεκτείνεται,
1494 2034 1586 2075 τῶν
1608 2031 1661 2074 δὲ

241 2111 386 2161 ὀπίσω
417 2096 728 2170 μεμνημένος,
775 2107 1026 2165 παρακούει
1064 2111 1142 2152 τοῦ
1179 2108 1322 2163 Ἰησοῦ
1364 2107 1662 2158 διδάσκοντος

239 2192 318 2234 καὶ
347 2192 577 2246 λέγοντος·
619 2186 716 2244 ,,μὴ
738 2188 780 2244 ⁷)
811 2185 1052 2246 στραφῆτω
1085 2189 1146 2235 εἷς
1176 2184 1228 2228 τὰ
1263 2185 1430 2241 ὀπίσω,
1472 2178 1579 2243 ἆραι
1608 2183 1658 2228 τὸ

237 2265 425 2327 ἱμάτιον
454 2265 607 2310 αὐτοῦ
613 2266 643 2289 “
699 2267 961 2324 Παρακούει
991 2266 1070 2307 τοῦ
1097 2263 1241 2319 Ἰησοῦ
1272 2267 1508 2321 λέγοντος·
1540 2260 1659 2318 ,,οὐ-

239 2344 388 2398 δεὶςθ)
420 2341 574 2398 βαλών
601 2340 684 2398 τὴν
706 2348 841 2401 χεῖρα
873 2342 940 2386 ἐπ’
975 2338 1197 2400 ἄροτρον,
1243 2343 1321 2385 καὶ
1351 2343 1568 2401 στραφεὶς
1597 2342 1659 2388 εἰς

357 2525 398 2577 ¹)
435 2524 519 2565 Cfr.
550 2524 705 2564 Jerem.
737 2524 831 2573 XV,
862 2523 900 2565 5
1019 2524 1062 2579 2)
1092 2525 1247 2564 Jerem.
1276 2524 1370 2573 XV,
1401 2523 1453 2576 6.-

355 2594 398 2649 3)
431 2595 587 2634 Jerem.
617 2594 711 2643 XV,
742 2592 780 2635 6.
903 2593 944 2648 ⁴)
974 2594 1128 2634 Jerem.
1158 2587 1252 2643 XV,
1283 2592 1322 2635 6.

357 2664 396 2718 ⁵)
426 2663 512 2705 Cfr.
542 2662 730 2718 Philipp.
763 2664 839 2713 ῘΠ,
872 2662 936 2706 13.

354 2735 396 2789 6)
427 2733 537 2774 Edd.
568 2732 735 2780 Huetii:
768 2731 831 2776 ὅτι
865 2734 1067 2782 ενιιντίος
1097 2737 1157 2776 τῶ
1191 2737 1288 2776 ml:

355 2804 399 2859 7)
431 2803 517 2846 Cfi.
548 2803 679 2844 Marc.
712 2804 833 2853 XIII,
866 2804 928 2847 16.
1050 2805 1093 2857 ²3)
1125 2803 1214 2846 Cfr.
1243 2803 1347 2843 Luc
1377 2801 1457 2855 IX²
1488 2798 1552 2843 62
