1734 3112
626 125 768 167 Lmen
799 125 878 165 III.
1413 129 1465 174 31

49 258 157 292 cum,
188 249 437 296 paraverunt
466 237 631 290 sagittas
663 253 754 278 suas
785 236 826 277 in
858 236 1050 293 pharetra
1083 253 1168 288 sua,
1198 249 1246 278 ut
1274 240 1467 292 sagittent

48 318 90 359 in
123 320 302 359 obscuro
331 327 468 357 rectos
500 316 670 357 corde.“
730 315 810 356 Hic
841 326 1085 371 peccatores
1119 316 1168 356 tle
1202 317 1372 358 occulto
1405 335 1467 359 sa-

48 397 253 449 gittantes,
286 395 512 436 daemones
542 392 772 434 invisibiles
805 393 928 445 dicit,
962 405 1002 435 et
1032 394 1113 450 ipsi
1142 405 1238 434 sunt
1268 394 1466 436 babentes

47 475 251 531 quaedam
280 472 414 530 jacula
444 470 756 521 fornicationis,
796 471 876 512 alia
908 471 1146 527 cupiditatis
1187 483 1228 512 et
1257 472 1468 522 avaritiae,

47 552 196 608 quibus
229 549 531 607 quamplurimi
565 549 845 591 vulnerantur.
891 549 1061 590 Habent
1093 549 1277 607 etiam¹)
1307 551 1469 607 spicula

45 628 263 687 jactantiae
295 640 336 669 et
366 643 493 669 vanae
523 627 695 680 gloriae.
756 627 844 668 Sed
884 626 960 668 ista
991 627 1113 668 valde
1153 627 1323 669 subtilia
1360 639 1468 679 sunt,

45 706 103 748 ita
132 717 178 748 ut
208 706 414 748 confixam
444 721 488 747 se
518 704 655 746 anima
693 705 744 745 ab
783 704 832 746 iis
863 705 1176 761 sauciatamque
1206 706 1275 747 vix
1304 705 1468 757 sentiat,

44 783 124 825 nisi
152 783 187 825 si
215 783 361 826 induta
391 796 452 826 est
480 783 605 826 armis
634 781 741 834 Dei,
785 793 826 823 et
854 794 934 825 stat
962 782 1135 836 vigilans
1168 795 1208 825 et
1236 782 1469 825 immobilis

47 878 142 915 erga
171 861 340 904 astutias
371 862 556 914 diaboli,
594 873 713 904 scuto
744 872 878 903 semet
916 861 1050 918 ipsam
1079 861 1181 903 fidei
1213 879 1291 919 per
1329 861 1469 904 omnia

48 951 295 993 contegens,
338 952 380 981 et
417 939 578 981 nullam
614 955 786 996 prorsus
802 939 844 996 ²)
892 939 1083 996 corporis
1123 952 1287 996 partem
1327 941 1469 997 fide3)

46 1018 202 1060 nudam
230 1018 485 1075 relinquens.
548 1016 883 1074 Quantacunque
922 1030 1064 1060 autem
1103 1019 1329 1060 daemones
1358 1020 1471 1060 fece·

47 1096 130 1138 rint
172 1096 277 1146 tela,
325 1095 360 1137 si
404 1095 618 1137 inveniant
660 1107 847 1138 mentem
889 1095 1074 1139 hominis
1117 1097 1202 1138 fide
1250 1097 1470 1149 munitam,

50 1172 210 1215 etiamsi
239 1172 396 1214 fuerint
438 1173 587 1226 ignita,
625 1172 789 1215 etiamsi
819 1174 1098 1230 cupiditatum
1125 1174 1304 1216 flammis
1336 1186 1377 1216 et
1408 1174 1471 1216 in-

50 1251 205 1293 cendiis
237 1252 409 1294 ardeant
439 1251 654 1303 vitiorum,
684 1251 789 1293 fides
808 1251 848 1309 ⁴²)
877 1252 1003 1310 plena
1035 1262 1182 1293 cuncta
1210 1251 1440 1304 restinguit.

165 1330 394 1387 „Laeva⁵)
434 1328 521 1387 ejus
550 1331 627 1371 sub
670 1330 806 1386 capite
844 1346 966 1380 meo,
1007 1341 1047 1370 ct
1086 1330 1228 1370 (lextra
1268 1328 1354 1387 ejus
1386 1346 1472 1371 am-

51 1407 262 1464 plectetur
288 1413 397 1449 me.“
455 1406 700 1463 Descriptio
743 1418 805 1448 est
842 1407 1015 1463 quidem
1054 1407 1245 1448 amatorii
1277 1407 1473 1449 dramatis

52 1501 250 1540 sponsae,
296 1483 529 1525 festinantis
571 1485 624 1525 ad
670 1484 929 1525 connubium
966 1483 1131 1540 sponsi,
1181 1484 1299 1525 velut
1334 1496 1474 1526 tamen

52 1561 182 1616 paulo
227 1560 508 1617 apertioribus
551 1561 741 1617 corporis
781 1561 1138 1618 appellationibus
1178 1562 1318 1605 currit.
1386 1564 1472 1606 Sed

55 1650 252 1679 converte
277 1649 318 1679 te
350 1637 537 1679 velocius
568 1639 619 1679 ad
649 1639 844 1694 spiritum
874 1639 1169 1691 vivificantem,
1201 1652 1242 1681 et
1265 1641 1474 1694 refugiens

52 1716 358 1772 appellationes
390 1731 629 1772 corporeas,
659 1732 758 1757 vere
790 1716 998 1773 perspice,
1028 1733 1133 1773 quae
1168 1717 1221 1759 sit
1251 1718 1369 1759 verbi
1389 1719 1474 1761 Dei

52 1792 193 1844 laeva,
234 1810 338 1850 quae
378 1792 430 1834 sit
470 1793 636 1844 dextra,
676 1794 793 1851 quod
825 1793 949 1835 etiam
991 1806 1116 1850 caput
1154 1811 1330 1852 sponsae
1371 1797 1474 1856 ejus,

52 1870 213 1912 animae
246 1870 409 1913 scilicet
436 1871 673 1927 perfectae,
717 1871 786 1912 vel
817 1871 1040 1923 ecclesiae,
1081 1884 1123 1914 et
1150 1889 1238 1914 non
1267 1885 1309 1915 te
1339 1875 1475 1931 rapiat

54 1948 227 1990 carnalis
274 1960 316 1990 et
351 1948 560 2005 passibilis
597 1965 751 1991 sensus.
819 1950 916 2006 Ipsa
962 1949 1075 1991 enim
1123 1962 1184 1992 est
1219 1950 1287 1993 hic
1330 1953 1474 2009 sponsi

54 2026 197 2067 dextra
226 2037 267 2067 et
297 2026 436 2077 laeva,
474 2043 581 2084 quae
619 2027 663 2068 in
701 2026 939 2083 proverbiis
979 2028 1032 2070 de
1065 2028 1269 2084 sapientia
1307 2030 1475 2083 dicitur,

52 2103 125 2145 ubi
155 2103 232 2145 ait:
272 2103 521 2157 „longitudo
537 2105 580 2162 6)
620 2104 732 2146 enim
762 2104 871 2146 vitae
904 2106 948 2146 in
990 2107 1158 2148 dextera
1190 2106 1300 2164 ejus,
1339 2108 1383 2149 in
1421 2108 1475 2150 si-

53 2178 181 2221 nistra
219 2195 318 2220 vero
358 2178 444 2238 ejus
485 2181 654 2223 divitiae
694 2193 736 2223 et
772 2181 947 2234 gloria.“
1014 2183 1071 2225 Et
1089 2185 1129 2242 ⁷)
1168 2183 1277 2226 sicut
1316 2185 1383 2227 hic
1413 2202 1475 2227 sa-

56 2254 256 2310 pientiam
296 2273 381 2299 non
427 2257 526 2300 ideo
566 2259 749 2316 aliquam
785 2259 986 2302 feminam
1027 2261 1112 2303 dici
1149 2262 1338 2318 putabis,
1379 2262 1475 2319 quia

58 2330 242 2374 femineo
271 2334 443 2377 nomine
473 2336 680 2394 appellari
709 2336 897 2378 videtur:
938 2337 995 2378 ita
1023 2354 1076 2379 ne
1106 2338 1149 2379 in
1178 2340 1260 2381 hoc
1290 2340 1476 2396 quidem,

60 2409 261 2465 quoniam
296 2413 527 2456 masculino
563 2431 714 2468 genere
752 2431 930 2472 sponsus
969 2416 1144 2458 verbum
1182 2418 1268 2460 Dei
1308 2419 1476 2471 dicitur,

177 2601 218 2658 ¹)
247 2598 356 2641 Edd.
373 2600 435 2643 M.
465 2602 646 2652 „enim.“
763 2605 808 2664 2)
837 2605 969 2649 Deest
999 2613 1224 2664 ‚,prorsus“
1242 2607 1285 2649 in
1301 2608 1395 2651 edd.
1413 2607 1473 2651 M,

174 2671 216 2728 ³)
247 2670 356 2713 Edd.
389 2671 449 2712 M.
481 2672 670 2722 „{itlei.“

175 2743 220 2797 4)
248 2741 358 2783 Edd.
390 2740 451 2782 M.
484 2742 604 2791 „fide
633 2744 758 2798 plena
790 2757 938 2787 cuncta
967 2746 1226 2798 restringit.“

175 2812 218 2867 ⁵)
249 2811 408 2853 Cantic.
440 2811 503 2860 II,
538 2810 575 2853 6.
696 2814 738 2870 ⁶)
769 2815 893 2858 Prov.
927 2817 1014 2866 Ill,
1048 2817 1114 2859 16.

177 2881 218 2938 7)
248 2882 379 2923 Deest
411 2881 536 2933 „Et“
567 2881 611 2922 in
641 2883 737 2925 edd.
768 2884 829 2926 Μ.
