1734 3112
605 90 803 132 HommA
836 90 888 131 V.
1378 93 1459 137 173

43 205 303 265 δυνάμενον
328 207 645 264 προσαγαγεῖν
677 201 855 260 ὑμιῖςῑ)
894 203 955 257 τῷ
993 202 1110 246 ἰδεῖν
1148 199 1230 255 τὴν
1260 202 1460 263 ἀκροβυ-

45 289 176 330 στίαν
203 286 280 338 τῆς
307 281 511 338 καρδίας,
542 276 891 337 παραθήσομαι,
928 275 993 321 ὅτι
1024 276 1136 321 κατὰ
1165 276 1249 332 τὴν
1275 278 1460 337 πρώτην

44 361 224 417 ἡλικίαν
263 357 562 415 ψευδοδοξίαι
601 353 783 403 πάντως
819 359 1027 411 γίνονται
1059 356 1109 399 ἐν
1138 358 1188 415 τῇ
1221 359 1372 416 ψυχῇ·
1406 357 1460 400 οὐ

44 438 133 498 γὰρ
171 433 268 482 οἶόν
305 439 354 479 τέ
389 435 510 478 ἐστιν
547 432 752 490 ἀρχῆθεν
784 430 935 486 ἀληθῆ
967 429 1176 491 δόγματα
1207 434 1343 489 καὶῖ)
1374 450 1461 477 κα-

42 514 164 574 θαρὰ
193 512 404 569 λαβεῖν3)
444 509 524 555 τὸν
559 506 839 569 ἄνθρωπον,
873 508 1187 569 προενοήσατο
1219 512 1268 555 δὲ
1302 510 1323 554 ὁ
1355 509 1462 561 θεὸς

42 590 238 649 λόγον4)
270 592 469 647 ἱστορίας
509 590 586 631 καὶ
623 589 805 644 γραφῆς
840 590 918 641 τῆς
955 585 1067 631 κατα
1109 586 1156 631 τὸ
1204 586 1352 648 ῥητὸν,
1384 591 1461 633 ἵνα

41 671 192 727 θρέψῃ
231 665 311 710 τὸν
348 663 460 709 κατὰ
502 663 648 721 σάρκα
685 668 1026 722 γεγεννημένον
1063 667 1125 721 τῷ
1150 664 1376 723 Ἀβραὰμ,
1410 667 1461 710 ἐν

41 750 132 794 τοῖς
171 742 283 787 κατὰ
315 741 462 799 σάρκα
491 744 673 799 πρῶτον
701 739 873 798 λόγοις,
914 745 991 785 καὶ
1019 745 1202 799 γένηται
1230 744 1406 803 πρῶτος
1435 741 1456 789 ὁ

43 822 91 866 ἐκ
119 823 194 874 τῆς
221 822 478 874 παιδίσκης,
512 821 572 867 εἷς
601 817 650 861 τὸ
682 819 938 873 δυνηθῆναι
968 818 1083 874 μετὰ
1116 822 1279 863 τοῦτον
1293 836 1463 877 γεννη-

40 900 178 952 θῆναι
208 895 290 941 τὸν
325 899 401 950 τῆς
430 897 690 952 ἐλευθέρας,
734 899 812 938 καὶ
850 893 930 939 τὸν
961 895 1036 938 διὰ
1068 899 1142 950 τῆς
1173 898 1461 954 ἐπαγγελίας.

42 977 101 1018 Εἰ
132 972 339 1029 νενόηται
368 976 500 1018 τοῦτο
532 972 608 1017 διὰ
639 977 685 1016 τί
710 970 1000 1033 παρελήφθη,
1034 970 1224 1017 δύναται
1255 980 1464 1019 νοεῖσθαι.

41 1049 67 1107 ἡ
99 1051 373 1110 ἀκροβυστία
411 1054 486 1106 τῆς
523 1051 712 1107 καρδίας
750 1053 1064 1108 προγινομένη
1095 1053 1170 1105 τῆς
1200 1054 1462 1109 περιτομῆς·

43 1134 188 1189 Χρεία
219 1120 302 1173 οὖν
330 1129 442 1186 ἡμῖν
470 1126 551 1173 τὸν
580 1126 722 1185 λόγον
751 1130 1036 1183 παραλαβεῖν
1065 1126 1146 1171 τὸν
1176 1133 1463 1186 καθαίροντα

41 1204 95 1250 τὰ
125 1204 350 1263 δόγματα,
384 1208 460 1249 καὶ
489 1203 982 1263 περιαιροῦνταπιὲντα
1012 1203 1066 1248 τὰ
1096 1203 1324 1262 γενόμενα
1350 1204 1464 1249 κατὰ

40 1284 352 1340 ψευδοδοξίαν
391 1284 440 1327 ἐν
480 1281 604 1340 ἡμῖν.
677 1286 823 1326 Τοῦτο
863 1274 946 1326 οὖν
985 1284 1077 1326 ἐστι
1115 1281 1163 1326 τὸ
1201 1282 1468 1326 ἀποθέσθαι

41 1358 122 1416 τὴν
152 1359 455 1417 ἀκροβυστίαν
483 1363 562 1413 τῆς
590 1361 778 1416 καρδίας
819 1358 966 1416 ἡμῶν.
1033 1357 1148 1414 “Η5)
1178 1357 1268 1417 γὰρ
1299 1359 1466 1416 καρδία

43 1438 167 1481 ἐστὶν
199 1438 366 1492 ἔχουσα
406 1436 506 1479 καθ’
551 1434 670 1495 ἡμᾶς
706 1435 754 1479 τὸ
798 1434 1102 1493 ἡγεμονικὸν,
1142 1437 1256 1480 ἔνθα
1287 1437 1381 1479 ἐστὶ
1412 1434 1466 1478 τὰ

47 1511 279 1572 νοήματα,
322 1510 432 1556 ὅθεν
463 1515 506 1556 οἱ
538 1513 833 1571 διαλογισμοὶ
873 1515 1129 1571 ἐξέρχονται
1176 1516 1220 1557 οἱ
1257 1517 1465 1573 πονηροί.

38 1589 87 1634 Ὁ
124 1588 502 1649 περιαιρούμενος
549 1589 652 1639 τοὺς
701 1589 1032 1650 διαλογισμοὺς
1077 1588 1180 1640 τοὺς
1224 1588 1464 1645 πονηροὺς,

43 1666 125 1721 τὴν
155 1667 459 1726 ἀκροβυστίαν
487 1669 564 1722 τῆς
593 1668 781 1722 καρδίας
811 1672 1131 1724 περιαιρεῖται·
1176 1666 1198 1712 ὁ
1244 1667 1467 1711 ἀποτιθέσ

41 1759 179 1801 μενος
207 1743 289 1799 τὴν
319 1745 654 1800 ψευδοδοξίαν,
695 1747 1010 1803 περιτέτμηται
1051 1742 1132 1799 τὴν
1162 1744 1467 1802 ἀκροβυστίαν

45 1824 120 1875 τῆς
149 1822 339 1878 καρδίας
370 1821 524 1877 αὐτοῦ,
557 1824 634 1865 καὶ
662 1826 838 1878 γίνεται
869 1820 982 1880 ἀνὴρ
1008 1819 1171 1877 Ἰούδα,
1205 1824 1280 1864 καὶ
1311 1838 1468 1865 κατοι-

44 1902 137 1942 κῶν
164 1897 469 1960 Ἱερουσαλὴμ,
501 1901 713 1958 καθαρῶς
742 1897 1140 1957 περιτεμνόμενος.
1184 1898 1295 1943 Ἐὰν
1325 1900 1380 1943 δέ
1404 1916 1470 1949 τις

43 1974 106 2032 μὴ
138 1975 368 2032 ἀπόθηται
397 1973 479 2032 τὴν
511 1975 816 2035 ἀκροβυστίαν
845 1978 922 2031 τῆς
951 1977 1138 2035 καρδίας
1169 1976 1321 2032 αὐτοῦ,
1354 1977 1467 2020 ἴδω-

43 2069 130 2110 μεν
158 2059 204 2098 τί
230 2053 408 2099 ἀπειλεῖ
434 2052 556 2110 αὐτῷ
589 2051 612 2098 ὁ
644 2051 796 2110 λόγος’
836 2050 932 2110 ,,μὴ
949 2053 992 2110 6)
1034 2070 1132 2102 πως
1162 2055 1334 2114 ἐξέλθῃ,
1369 2070 1464 2112 φη-

164 2254 204 2308 1)
234 2255 287 2295 H.
309 2256 360 2296 ad
385 2272 500 2309 marg
517 2289 526 2306 ,
556 2257 606 2297 R.
630 2256 672 2296 in
693 2257 825 2298 notis:
859 2258 995 2307 ‚‚Cod.
1024 2258 1274 2298 Vaticanus:
1306 2254 1469 2311 ἡμᾶς.ιι

161 2324 205 2375 ⁸²)
235 2325 286 2365 R.
326 2325 370 2366 in
405 2327 538 2368 notis:
579 2327 648 2377 „in
688 2328 793 2369 Cod.
839 2328 1019 2369 scorial.
1063 2328 1229 2383 (itemq.
1272 2325 1314 2365 in
1354 2335 1470 2365 textu

49 2379 143 2420 edd.
174 2379 251 2435 H.)
283 2381 418 2422 deest:
459 2387 574 2425 καὶ.“
610 2411 656 2416 -
702 2385 755 2426 H.
795 2385 847 2425 ad
876 2384 1129 2437 marginem:
1176 2382 1313 2432 ‚‚Cod.
1352 2380 1469 2421 Vati-

50 2451 195 2477 canus:
230 2441 305 2478 καὶ
335 2439 567 2492 καθαρά.“

163 2504 206 2561 ³)
237 2506 290 2546 H.
322 2507 374 2546 ad
402 2523 544 2561 marg„
573 2510 623 2554 R.
641 2509 829 2551 innotis:
852 2511 986 2561 ‚‚Cod.
1004 2510 1248 2551 Vaticanus:
1270 2510 1469 2550 λαλεῐν.“

165 2574 207 2627 ⁴²)
239 2576 291 2617 H.
310 2577 361 2616 ad
378 2594 518 2630 marg„
547 2579 598 2619 R.
617 2579 660 2619 in
685 2580 818 2621 notis:
852 2581 989 2631 ‚‚Cod.
1010 2579 1253 2621 Vaticanus:
1289 2577 1472 2631 λόγος.“

167 2645 207 2700 ⁵)
238 2646 288 2686 R.
329 2645 372 2686 in
410 2646 542 2688 notis:
592 2648 727 2697 ‚‚Cod.
767 2649 943 2691 Scorial.
993 2650 1157 2706 (itemq.
1198 2648 1291 2688 edd.
1337 2646 1388 2685 Η.
1430 2644 1473 2684 in

51 2700 283 2770 ²5¹¹¹9³>⁶²
312 2702 452 2759 γάρ.“
488 2726 534 2732 -
574 2703 628 2747 Η.
669 2705 722 2745 ad
760 2706 1008 2758 marginem:
1056 2706 1190 2756 ‚‚Cod.
1221 2702 1472 2745 Vaticanus:

55 2773 80 2810 η
111 2760 245 2813 γαρ.“

167 2825 208 2881 ⁶)
239 2827 392 2868 Jerem.
425 2829 497 2877 IV,
528 2829 566 2870 4.
