1734 3112
630 95 830 138 ΗοΜιιιΑ
861 95 915 137 Χ.
1420 96 1505 144 215

77 211 357 267 ἐμβέβληται.
415 204 609 251 Ἐκεῖνοι
643 207 732 265 μὲν
775 207 823 256 ἐξ
860 207 1102 261 ἐπιβουλῆς
1139 206 1505 265 βουλευσάμενοι

76 289 349 344 λεγέτωσαν·
397 283 655 340 ,,δεῦτε1),
703 285 780 328 καὶ
819 280 1093 341 ἐμβάλωμεν
1137 281 1275 333 ξύλον
1320 287 1381 333 εἰς
1425 284 1505 329 τὸν

76 359 214 419 ἄρτον
244 361 454 406 αὐτοῦ·“
493 359 582 418 ἒγώ
617 361 668 405 δὲ
695 357 1066 419 παραδοξότερον
1104 360 1205 419 ἐρῶ.
1273 358 1336 404 Τὸ
1368 358 1505 410 ξύλον

74 439 301 497 ἐμβληθὲν
325 441 388 487 εἰς
412 436 493 481 τὸν
517 433 656 495 ἕὶρτον
686 437 841 493 αὐτοῦ,
873 442 1108 495 κρείττονα
1138 435 1218 481 τὸν
1248 432 1387 495 ἄρτον
1416 454 1502 482 πε-

70 521 243 571 ποίηκε.
311 513 620 573 Παράδειγμα
660 513 880 572 λαμβάνω
922 514 1014 559 ἀπὸ
1056 518 1133 559 τοῦ
1173 518 1379 564 Μωσέως
1418 513 1501 559 νό-

70 607 182 649 μου·
228 591 277 637 τὸ
309 589 447 643 ξύλον
482 593 653 649 βληθὲν
698 596 760 642 εἰς
796 590 846 636 τὸ
886 590 1055 650 πικρὸν
1090 590 1240 648 ὕδωρ,
1288 592 1503 646 ἐποίησεν

71 668 179 714 αὐτὸ
209 666 366 727 γλυκύ.
429 668 583 720 Οὕτως
618 668 669 715 τὸ
700 668 836 720 ξύλον
877 671 957 714 τοῦ
994 665 1176 719 πάθους
1200 668 1347 724 Ἰησοῦ
1381 674 1500 728 Χρι-

3 766 13 782 ·
70 750 176 792 στοῦ
208 747 349 791 ἐλθὸν
387 749 448 797 εἰς
477 747 557 793 τὸν
586 745 751 805 λόγον,
792 751 1014 802 πεποίηκε
1053 746 1134 791 τὸν
1174 743 1315 807 ἄρτον
1358 746 1499 792 αὐτοῦ

67 821 358 885 γλυκύτερον.
435 828 558 884 Πρὶν
602 826 712 885 ἔλθῃ
757 827 876 882 γοῦν
921 827 982 874 εἷς
1039 822 1120 869 τὸν
1169 820 1309 880 ι’ἱρτον
1359 823 1500 870 αὐτοῦ

67 899 119 945 τὸ
148 898 307 957 ξύλον,
343 899 416 947 ὅτε
447 897 581 961 ἄρτος
607 899 752 960 μόνος
779 894 859 957 ἦν,
892 903 970 945 καὶ
1001 897 1136 952 ξύλον
1167 900 1251 945 οὐκ
1280 893 1339 956 ἦν
1368 902 1419 946 ἐν
1448 908 1498 962 τῇ

68 977 340 1035 διδασκαλίᾳ
377 977 538 1034 αὑτοῦ,
581 982 644 1028 εἰς
678 981 836 1022 πᾶσαν
879 976 960 1034 τὴν
999 980 1092 1035 γῆν
1133 976 1216 1022 οὐκ
1249 978 1440 1033 ἐξῆλθεν
1473 977 1495 1023 ό

71 1051 287 1114 φθόγγος
317 1054 472 1100 αὐτοῦ.
527 1055 637 1099 Ἀλλ’
660 1056 762 1101 ἐπεὶ
789 1057 1042 1114 προσέλαβε
1073 1051 1276 1110 δύναμιν
1307 1054 1330 1100 ὁ
1365 1052 1499 1116 ἄρτος

69 1131 146 1178 διὰ
184 1136 265 1177 τοῦ
297 1131 432 1184 ξύλου
474 1135 554 1179 τοῦ
591 1137 836 1190 βληθέντος
872 1135 934 1182 εἰς
972 1130 1134 1188 αὐτὸν,
1175 1130 1252 1176 διά
1295 1136 1428 1178 τοῦτο
1472 1132 1495 1178 ὁ

68 1207 203 1269 λόγος
232 1212 307 1265 τῆς
337 1211 636 1262 διδασκαλίας
665 1211 801 1255 αὐτοῦ
835 1213 1074 1266 νενέμηται
1115 1206 1223 1265 ὅλην
1238 1209 1282 1267 ²)
1312 1208 1394 1266 τὴν
1427 1214 1500 1255 οἰ-

67 1291 318 1344 κουμένην,
362 1291 440 1332 καὶ
469 1285 569 1334 τότε
599 1286 648 1332 τὸ
685 1285 849 1343 ξύλον,
884 1283 907 1331 ὃ
939 1284 1175 1344 σύμβολον
1203 1279 1262 1341 ἦν
1290 1290 1370 1332 τοῦ
1400 1286 1498 1332 πά-

66 1363 351 1421 θουςἸησοῦ,
385 1364 440 1409 δι’
465 1356 518 1409 οῦ
546 1363 596 1408 τὸ
627 1362 795 1422 πικρόν
824 1361 950 1422 ὕδωρ
979 1362 1122 1420 γλυκύ
1150 1369 1337 1422 γίνεται.
1375 1365 1494 1423 Ἐγώ

66 1441 159 1501 γὰρ
182 1445 315 1499 λέγω,
348 1439 415 1485 ὅτι
445 1440 468 1487 ὁ
494 1439 635 1498 νόμος
663 1440 727 1500 μὴ
758 1439 1008 1499 νοούμενος
1031 1440 1197 1497 πικρὸν
1216 1439 1339 1502 ὕδωρ
1360 1443 1496 1488 ἐστίν.

66 1517 175 1563 Ἐὰν
214 1519 265 1563 δὲ
302 1519 413 1580 ἔλθῃ
451 1518 500 1564 τὸ
540 1517 677 1569 ξύλον
702 1519 874 1575 Ἰησοῦ,
914 1522 993 1562 καὶ
1031 1518 1057 1575 ἡ
1102 1519 1375 1564 διδασκαλία
1415 1524 1496 1565 τοῦ

68 1595 270 1657 σωτῆρός
286 1613 379 1653 μου
397 1594 673 1659 ἒπιδημήσῃ,
703 1594 983 1655 γλυκάζεται,
1015 1599 1092 1640 καὶ
1115 1595 1298 1652 ἥδιστος
1325 1601 1501 1655 γίνεται

71 1674 94 1720 ὁ
129 1678 337 1725 Μωσέως
374 1672 514 1735 νόμος
553 1671 984 1732 ἀναγινωσκόμενος
1019 1676 1098 1717 καὶ
1133 1673 1490 1734 γινωσκόμενος.

68 1751 223 1799 Εἶπον
262 1746 366 1798 οὖν·
427 1786 456 1809 ,,
471 1754 600 1799 δεῦτε
617 1754 685 1810 3),
725 1755 803 1797 καὶ
842 1748 1116 1810 ἐμβάλωμεν
1145 1750 1283 1802 ξύλον
1319 1756 1382 1804 εἰς
1416 1753 1498 1799 τὸν

65 1827 208 1888 ἄρτον
240 1830 437 1875 αὐτοῦ.“

180 1909 220 1954 3.
260 1911 467 1967 Λέγουσι
497 1908 549 1952 δὲ
578 1909 656 1952 καὶ
686 1906 762 1952 τό·
810 1906 1204 1969 „32192¹1pwpteu⁴)
1236 1906 1376 1954 αὐτὸν
1406 1908 1499 1955 ἀπὸ

69 1989 151 2045 γῆς
180 1984 381 2042 ζώντων,
426 1988 503 2030 καὶ
539 1984 589 2030 τὸ
628 1981 779 2044 ὄνομα
817 1985 956 2031 αὐτοῦ
988 1985 1040 2031 οὐ
1071 1985 1134 2044 μὴ
1165 1989 1349 2048 μνησθῇ
1380 1989 1497 2033 ἒτι.“

71 2063 221 2114 Οὕτως
261 2063 402 2110 αὐτὸν
442 2064 738 2120 ἀπέκτειναν,
779 2063 839 2114 ὥς
878 2065 1223 2123 ἐξαφανίζοντες
1270 2065 1406 2110 αὐτοῦ
1447 2064 1498 2111 τὰ

72 2140 236 2200 ὄνομα.
273 2142 406 2186 Ἀλλὰ
431 2142 601 2198 Ἰησοῦς
631 2139 742 2199 οἶδε,
774 2145 871 2194 πῶς
900 2140 1198 2198 ἀποθνήσκει,
1230 2145 1308 2186 καὶ
1337 2142 1414 2188 διά
1438 2148 1495 2187 τί.

70 2218 158 2265 Διό
188 2234 353 2278 φησιν·
386 2219 562 2279 ,,ἒάν5)
592 2219 656 2278 μὴ
680 2218 844 2272 κόκκος
871 2222 952 2265 τοῦ
982 2223 1109 2266 σίτου
1138 2219 1294 2266 πεσών
1322 2224 1386 2271 εἰς
1414 2219 1497 2277 τὴν

71 2301 161 2356 γῆν
197 2297 436 2361 ἀποθάνῃ,
479 2297 612 2350 αὐτὸς
649 2297 793 2358 μόνος
830 2301 972 2357 μένει.
1029 2297 1140 2342 Ἐὰν
1175 2299 1226 2342 δὲ
1257 2297 1490 2361 ἀποθάνῃ,

71 2374 220 2420 πολύν
267 2377 445 2436 καρπὸν
489 2379 680 2436 φέρει·“
741 2375 853 2422 ὥστε
904 2375 925 2421 ὁ
971 2374 1173 2426 θάνατος
1223 2380 1300 2421 τοῦ
1347 2377 1492 2433 Ἰησοῦ

74 2451 238 2511 στάχυς
268 2458 396 2498 σίτου
422 2459 619 2512 γίνεται,
658 2457 804 2500 ποιῶν
833 2457 1212 2500 πολλαπλασίονα
1244 2458 1320 2499 καὶ
1349 2454 1495 2501 πολύ-

69 2548 188 2590 χουν
217 2529 266 2576 τὸ
311 2532 614 2591 ἐσπαρμένον.
671 2531 795 2578 Ὡσεὶ
832 2532 932 2577 καθ’
966 2529 1193 2578 ὑπόθεσιν
1229 2532 1293 2592 μὴ
1331 2532 1495 2578 ἐσταύ-

190 2645 232 2702 1)
262 2644 418 2687 Jerem.
447 2645 535 2696 XI,
566 2645 632 2690 19.

191 2716 234 2771 ²)
264 2715 318 2757 H.
341 2715 393 2756 ad
418 2731 544 2768 marg.
564 2716 639 2771 (R.
663 2732 833 2773 quoque
853 2717 1006 2773 teste):
1039 2714 1220 2769 „scribe:
1256 2716 1310 2760 δι’
1336 2713 1496 2773 ὅλην.“

190 2785 233 2842 ³)
264 2785 418 2828 Jerem.
449 2786 536 2837 XI,
571 2785 636 2829 19.
757 2787 800 2844 ⁴²)
831 2787 986 2831 Jerem.
1016 2788 1104 2838 XI,
1137 2786 1202 2832 19·

191 2855 235 2912 ⁵)
264 2855 340 2898 Ev.
369 2855 519 2899 Joann.
544 2856 651 2908 XII,
680 2855 747 2900 24.
