1734 3112
619 100 819 142 HommA
858 98 932 140 IX.
1406 97 1489 143 207

65 209 308 268 πιστεύετε,
339 214 435 261 πῶς
463 217 555 261 τοῖς
586 212 714 270 ἐμοῖς
742 209 914 270 ῥήμασι
943 208 1270 263 πιστεύσετε,·“
1312 212 1490 257 Οὐκοῦν

66 292 232 337 ἐκεῖνοι
260 293 321 339 εἰς
353 292 529 334 Μωσέα
564 289 616 334 οὐ
648 287 1019 335 πεπιστεύκασιν.
1066 285 1222 345 Ἡμεῖς
1241 289 1290 332 δὲ
1305 288 1491 333 πιστεύ-

68 385 191 420 οντες
219 370 281 418 εἷς
310 365 525 426 Χριστὸν,
557 364 833 425 πιστεύομεν
862 369 912 427 τῇ
944 364 1139 427 διαθήκῃ
1179 368 1228 427 τῇ
1260 364 1336 410 διὰ
1368 371 1489 411 Alcu-

65 450 191 503 σέως,
222 447 299 490 καὶ
335 442 448 503 πρὸς
488 442 609 503 ἡμᾶς
636 448 836 503 λέγεται,
868 447 944 489 ἵνα
973 442 1037 503 μὴ
1068 441 1312 501 κατάρατοι
1342 442 1490 502 γενώ-

62 529 208 580 μεθα·
249 520 668 580 ,,ἐπικατάρατος’)
710 521 732 567 6
773 518 1029 583 ἄνθρωπος,
1062 517 1110 572 ὃς
1140 521 1220 567 οὐκ
1249 520 1488 568 ἀκούσεται

63 602 154 645 τῶν
171 597 323 657 λόγων
343 601 418 656 τῆς
448 599 684 658 διαθήκης,
714 591 764 657 ἧς
785 597 1186 658 ἐνετειλάμηντοῖς
1210 597 1489 658 πατράσιν.“

63 679 254 724 Ἐκεῖνοι
272 668 354 722 οὖν
369 677 524 734 ἔχουσι
547 675 595 723 τὸ
612 673 935 734 ἐπικατάρατοι
962 672 1092 722 εἶναι.
1145 676 1209 722 Οὐ
1233 675 1324 736 γὰρ
1348 673 1490 734 ἤκου-

0 790 2 802 .
65 770 154 801 σαν
202 757 277 812 τῆς
308 752 554 814 διαθήκης,
595 745 647 811 ἧς
688 756 934 801 ἐνετείλατο
975 753 998 800 6
1040 752 1146 805 θεὸς
1182 760 1275 806 τοῖς
1308 752 1491 813 πατρά-

63 848 152 880 σιν.
207 832 374 891 „'Er²)
408 831 576 891 ἡμέρᾳ,
615 836 781 891 φησὶν,
812 825 839 895 ᾗ
869 831 1109 891 ἀνήγαγον
1137 832 1300 884 αὐτοὺς
1329 835 1379 879 ἐκ
1408 835 1491 892 γῆς

64 909 332 970 Αῗγύπτου,
364 912 413 956 ἐκ
452 913 529 967 τῆς
566 916 763 968 καμίνου
801 914 879 981 τῆς
925 912 1159 971 σιδηρᾶς.“’·’
1233 914 1326 956 Καὶ
1370 913 1492 971 ἡμᾶς

62 987 289 1048 ἐξήγαγεν
321 987 343 1033 ὁ
378 988 486 1040 θεὸς
516 989 566 1034 ἐκ
594 991 670 1045 τῆς
697 986 961 1047 Αἰγύπτου,
1002 989 1051 1034 ἐκ
1080 992 1156 1044 τῆς
1184 994 1382 1048 καμίνου
1411 992 1491 1044 τῆς

62 1069 264 1125 σιδηρᾶς,
296 1065 493 1125 μάλιστα
532 1064 645 1111 κατὰ
685 1064 766 1111 τὸν
804 1064 1036 1122 νοήσαντα
1074 1066 1124 1113 τὸ
1163 1071 1489 1128 γεγραμμένον

62 1146 112 1191 ἐν
140 1150 191 1207 τῇ
224 1143 515 1202 ἀποκαλύψει
541 1142 770 1201 Ἰωάννου,
803 1143 869 1189 ὅτι
901 1143 924 1189 6
953 1143 1107 1202 τόπος,
1139 1142 1257 1190 ὅπου
1289 1144 1312 1190 6
1338 1143 1489 1207 κύριος

61 1222 212 1268 αὐτῶν
242 1220 528 1281 ἐσταυρώθη,
565 1226 766 1268 καλεῖται
803 1226 1119 1280 πνευματικῶς
1155 1221 1370 1283 Σόδομα,
1411 1227 1488 1268 καὶ

59 1305 309 1359 Αἴγυπτος.
379 1305 438 1343 Εἰ
477 1298 567 1357 γὰρ
617 1304 934 1358 πνευματικῶς
979 1305 1179 1346 καλεῖται
1221 1305 1486 1359 Αἴγυπτος·

62 1379 146 1424 οὐκ
174 1381 267 1424 ἔστι
297 1379 347 1422 δὲ
380 1376 488 1433 αὕτη
520 1375 543 1431 ἡ
576 1381 814 1435 Αἴγυπτος
842 1375 866 1432 ἡ
885 1382 1202 1435 πνευματικῶς
1230 1382 1488 1440 καλουμένη

61 1461 314 1514 Αἴγυπτος·
366 1453 554 1510 αἲσθητὴ
598 1453 717 1515 γάρ·
764 1455 929 1512 δῆλον,
979 1454 1046 1500 ὅτι
1084 1456 1167 1501 ἐὰν
1205 1455 1369 1518 νοήσῃς
1406 1456 1488 1515 τὴν

60 1537 376 1589 πνευματικῶς
399 1536 687 1589 καλουμένην
700 1537 956 1591 Αἴγυπτον,
991 1537 1068 1577 καὶ
1089 1535 1268 1597 ἐξέλθῃς
1293 1535 1372 1581 εἶπ’
1400 1537 1489 1581 αὐ-

61 1615 163 1668 τῆς·
198 1612 252 1656 σὺ
284 1609 327 1656 εἶ
355 1609 377 1655 6
410 1609 608 1661 ἐξελθών
640 1612 690 1655 ἐκ
720 1614 803 1669 γῆς
820 1610 1076 1668 Αἰγύπτου,
1110 1617 1188 1657 καὶ
1218 1615 1267 1657 ἐκ
1296 1618 1372 1670 τῆς
1401 1631 1489 1659 κα-

59 1694 200 1747 μίνου
231 1691 306 1745 τῆς
335 1690 544 1747 σιδηρᾶς,
575 1692 653 1734 καὶ
692 1692 868 1747 λέγεται
907 1688 1022 1748 πρὸς
1059 1694 1131 1735 σε’·
1173 1689 1431 1746 „duodenne
1446 1693 1489 1749 ³)

59 1770 136 1824 τῆς
152 1767 194 1825 ⁴)
228 1770 384 1825 φωνῆς
412 1782 519 1826 μου,
551 1770 630 1812 καὶ
657 1765 874 1823 ποιήσατε
906 1765 1078 1822 κατὰό)
1108 1764 1262 1813 πάντα
1293 1768 1378 1814 ὅσα
1408 1769 1490 1816 ἐὰν

60 1841 354 1905 ἐνετειλάμην
396 1844 557 1903 ὑμῖν.“
624 1842 692 1889 “H
736 1861 780 1889 τε
816 1845 1070 1903 ἐπαγγελία
1114 1849 1195 1891 τοῦ
1239 1852 1351 1893 θεοῦ
1395 1850 1489 1894 ἐστι

57 1923 174 1985 πρὸς
201 1921 305 1974 τοὺς
332 1920 598 1980 ἀκούοντας,
631 1920 715 1968 ἐὰν
741 1920 996 1978 ποιήσωσιν
1034 1919 1064 1967 εἳ
1096 1924 1371 1983 ἐντέταλται,
1412 1930 1490 1972 λε’-

57 2015 228 2060 γουσα·
260 2003 373 2058 ,,καὶ
388 2001 431 2058 ⁶)
462 2001 628 2046 ἔσεσθέ
651 2017 733 2059 μοι
763 2003 825 2052 εἰς
854 1999 991 2058 λαὸν,
1021 2001 1152 2061 κιέγώ
1183 2003 1348 2062 ἔσομαι
1377 2002 1490 2062 ὑμῖν

57 2083 120 2131 εἰς
148 2078 310 2125 θεόν.“

58 2158 152 2204 ἐστι
180 2161 308 2208 θεοῦ.
365 2156 558 2202 Ἐκεῖνοι
597 2148 680 2202 οὖν
721 2158 765 2200 οἱ
802 2156 1191 2217 ἐπαγγειλάμενοι
1230 2155 1345 2205 εἶναι
1383 2158 1490 2210 λαός

385 2078 449 2123 Οὐ
494 2081 588 2129 πᾶς
626 2077 649 2124 6
691 2082 838 2137 λέγων
880 2077 903 2123 6
941 2079 1047 2130 λαὸς
1078 2075 1194 2126 εἶναι
1223 2084 1351 2138 θεοῦ,
1381 2080 1489 2133 λαός

58 2238 187 2291 θεοῦ,
221 2235 272 2280 οὐ
314 2233 422 2285 λαός
457 2252 551 2292 μου
596 2233 726 2293 ὑμεῖς
764 2231 968 2291 ἤκουσαν
1005 2238 1056 2282 ἐν
1099 2240 1188 2295 τῷ·
1235 2235 1386 2294 „dedu
1435 2237 1488 2282 οὐ

60 2311 167 2363 λαός
194 2329 286 2370 μου
316 2312 495 2370 ὑμεῖς.“
554 2316 648 2358 Καὶ
681 2312 851 2376 ἒῤῥήθη
891 2313 1005 2375 πρὸς
1033 2314 1113 2360 τὸν
1142 2312 1257 2362 λαόν
1286 2316 1487 2362 ἐκεῖνον·

179 2524 218 2582 ¹)
247 2524 404 2566 Jerem.
434 2522 512 2574 xl,
540 2521 581 2568 3.
611 2522 652 2567 4.
768 2524 813 2583 ²)
836 2524 992 2569 Jerem.
1022 2525 1101 2578 XI,
1130 2523 1170 2568 4.

176 2596 220 2652 ³)
250 2595 406 2638 Jerem.
436 2593 514 2644 XI,
546 2593 587 2636 4.

62 2719 73 2730 ⁴
161 2664 418 2764 (pffesqm
448 2664 598 2707 verba:
642 2667 752 2721 ,,τῆς
788 2671 945 2725 φωνῆς
973 2684 1080 2725 μου,
1112 2670 1189 2712 καὶ
1217 2663 1487 2722 ποιήσατε,“

60 2737 104 2763 m
136 2738 156 2764 e
191 2755 200 2766 .
270 2739 377 2765 nael.

178 2793 220 2847 ⁵)
251 2791 360 2834 Edd.
390 2792 560 2834 Huetii:
593 2790 703 2837 κατὰ
734 2791 890 2838 πάντα
918 2798 1057 2839 ταῦτα
1089 2794 1175 2840 ὅσα
1205 2795 1297 2838 κτλ.

178 2861 220 2918 ⁵)
251 2861 406 2904 Jerern.
436 2862 514 2915 XI,
543 2863 581 2906 4.
