1763 3112
0 313 3 349 ί

659 66 858 110 HommA
890 62 1002 109 XIV.
1453 68 1538 114 263

126 177 301 235 τήματα
331 178 382 224 ἓν
410 176 543 234 ἡμῖν,
586 183 664 223 καὶ
692 177 770 224 διὰ
798 181 930 223 τοῦτο
961 178 1105 236 λέγει·
1149 178 1314 233 „acam
1345 177 1404 228 ὥς
1432 179 1536 224 ἔπι-

126 257 325 314 ιρυλλίδα
355 255 405 299 ἒν
432 260 651 314 τρυγητῷ,
687 257 768 301 οὐκ
799 252 928 306 ὄντος
956 254 1151 313 στάχυος
1177 256 1256 298 τοῦ
1281 261 1451 312 φαγεῖν
1478 257 1533 302 τὰ

122 331 442 391 πρωτόγονα.“
510 335 631 387 Φησὶ
661 335 737 377 καὶ
767 333 966 391 ἀλλαχοῦ
995 331 1046 378 τὸ
1077 328 1399 390 παραπλήσιον
1425 332 1534 378 τού-

120 426 212 459 τοις
239 407 353 468 πρός
381 407 460 453 τὸν
489 413 663 468 πατέρα
684 413 855 468 λέγων·
887 414 985 466 ,,τίς
999 410 1041 467 ²)
1074 409 1269 467 ὠφέλεια
1292 409 1343 451 ἓν
1361 411 1424 466 τῷ
1457 414 1532 453 αἶ’-

118 491 234 543 ματί
256 503 363 543 μου,
395 486 446 529 ἓν
475 489 536 543 τῷ
554 487 597 544 3)
628 488 886 542 καταβῆναί
909 502 969 545 με
1000 489 1061 536 εἷς
1098 483 1433 543 διαφθοράν,·“
1476 491 1536 531 Τί

119 562 324 621 ὠφέλησε
354 565 586 618 τηλικοῦτο
616 562 719 613 τούς
750 560 1049 623 ἀνθρώπους
1103 566 1162 606 Τί
1184 558 1318 613 ἄξιον
1347 565 1426 606 τοῦ
1457 565 1530 606 αἴ-

113 655 270 697 ματος,
305 631 359 683 οὗ
394 640 545 697 ἕξέχεα
582 639 697 700 ὑπὲρ
728 639 907 697 αὐτῶν,
932 636 1230 694 πεποιήκασι;
1295 643 1373 688 Τίς
1402 638 1530 698 ὠφέ-

113 718 210 760 λεια
241 717 292 760 ἒν
321 720 382 774 τῷ
416 720 585 774 αἵματι,
615 720 678 774 τῷ
709 719 965 772 καταβῆναί
990 732 1049 773 με
1079 717 1127 766 ἒξ
1157 716 1387 771 οὐρανῶν;
1424 722 1528 760 Κα-

113 797 358 850 ταβέβηκα,
404 786 551 849 ἦλθον
589 795 666 838 ἐπὶ
694 793 776 849 τὴν
803 797 914 851 γῆν,
955 794 1164 837 ἐπέδωκα
1194 793 1393 848 ἐμαυτὸν
1423 795 1529 838 δια-

113 873 287 927 φθορᾷ,
320 870 518 930 ἒφόρεσα
548 875 680 930 σῶμα
710 869 1020 926 ἀνθρώπινον,
1051 875 1098 913 τί
1125 870 1275 914 αὐτῶν
1292 867 1421 921 ι’ἱξιον
1441 889 1527 915 κα-

110 944 344 1002 τώρθωται
374 955 466 998 τοῖς
505 947 791 1005 ἀνθρώποις,·
837 946 1012 1003 ,,Τι’ς4)
1050 946 1246 1005 ὠφέλεια
1278 949 1329 992 ἓν
1356 952 1419 1005 τῷ
1452 952 1527 992 αἵ-

107 1028 222 1078 ματί
242 1041 351 1081 μου,
381 1026 433 1069 ἓν
460 1028 521 1082 τῷ
551 1028 805 1082 καταβῆναί
828 1040 888 1081 με
918 1027 980 1073 εἷς
1003 1023 1292 1083 διαφθοράν;
1323 1025 1406 1080 Μὴ
1423 1026 1527 1075 ἑξο-

106 1098 415 1158 μολογήσεταί
442 1116 514 1146 σοι
538 1104 664 1159 χοῦς,
698 1099 724 1156 ἢ
751 1101 1005 1159 α’ναγγελεῖ
1029 1101 1111 1157 τὴν
1140 1100 1361 1156 ἀλήθειάν
1386 1105 1525 1157 σου;“

113 1181 303 1222 Τοιοῦτο
336 1172 418 1223 οὖν
454 1180 547 1223 ἔστι
591 1183 668 1223 καὶ
703 1179 753 1223 τὸ
785 1178 954 1224 ἐνθάδε
983 1183 1168 1237 πρῶτον
1196 1179 1286 1223 ὑπὸ
1318 1183 1397 1223 τοῦ
1428 1194 1522 1224 σω-

104 1257 238 1312 τῆρος
265 1254 518 1314 λεγόμενον
546 1255 621 1301 τό·
663 1258 882 1313 ,,οἴμοι5)
927 1255 1015 1310 ἐγώ
1047 1254 1217 1314 μήτηρ,
1251 1254 1309 1305 ὥς
1334 1260 1435 1300 τίνα
1463 1274 1522 1311 με

105 1333 248 1381 ἔτεκες
286 1329 497 1391 ἄνδρα,·“
546 1333 658 1391 Οὐχὶ
702 1332 724 1377 ὁ
765 1332 871 1383 θεὸς
908 1331 931 1376 ὁ
976 1331 1124 1391 σωτὴρ
1153 1336 1272 1390 λέγει
1300 1331 1373 1377 τό·
1415 1338 1522 1388 ,,οἲ-

103 1425 185 1464 μοι
201 1411 244 1466 6)
274 1408 363 1466 ἐγώ
392 1407 592 1468 μήτηρ·“
622 1409 712 1453 ἀλλ’
732 1409 774 1467 ⁷)
804 1407 832 1465 ἢ
863 1405 1120 1466 ἄνθρωπος,
1153 1408 1212 1459 ὥς
1241 1411 1292 1454 ἐν
1312 1412 1374 1467 τῷ
1400 1427 1519 1469 προ-

105 1484 246 1546 φήτῃ·
283 1490 443 1543 ,,οἴμοι
459 1487 502 1543 ⁸)
535 1486 689 1545 ψυχὴ,
733 1485 800 1530 ὅτι
838 1484 1076 1532 ἀπόλωλεν
1104 1485 1293 1542 εὐλαβὴς
1318 1486 1414 1531 ἀπὸ
1442 1491 1520 1542 τῆς

104 1565 240 1619 γῆς.“
294 1562 353 1606 ‘H
379 1565 430 1607 δὲ
459 1564 582 1620 ψυχὴ
617 1564 887 1621 ἀνθρωπίνη
916 1556 985 1617 ἧν.
1044 1563 1134 1606 Διὰ
1174 1566 1304 1608 τοῦτο
1335 1568 1413 1608 καὶ
1441 1581 1515 1610 τε-

103 1639 334 1696 τάρακται.
394 1641 484 1685 Διὰ
523 1645 656 1686 τοῦτο
694 1645 772 1685 καὶ
802 1644 1049 1699 περίλυπος
1077 1631 1146 1694 ἦν.
1210 1638 1259 1685 ‘0
1290 1642 1341 1685 δὲ
1369 1641 1518 1699 λόγος,

105 1716 128 1761 ὁ
161 1718 211 1762 ἓν
241 1717 354 1779 ἀρχῇ
383 1717 498 1777 πρὸς
527 1718 606 1763 τὸν
634 1717 770 1774 θεὸν,
812 1717 865 1762 οὐ
902 1715 1168 1778 τετάρακται
1197 1717 1391 1774 ἐκεῖνος,
1435 1717 1517 1763 οὐκ

101 1791 165 1838 ἂν
193 1797 340 1852 λέγων
368 1793 441 1839 τό·
474 1797 687 1852 ,,οἴμοι.“
760 1795 877 1840 Οὐδὲ
911 1793 1002 1852 γὰρ
1040 1792 1063 1838 ὁ
1094 1792 1229 1852 λόγος
1260 1796 1516 1853 ἐπιδέχεται

101 1869 319 1927 θάνατον,
354 1870 466 1915 ἀλλὰ
494 1871 544 1916 τὸ
577 1869 874 1932 ἀνθρώπινόν
903 1872 994 1915 ἔστι
1018 1870 1068 1914 τὸ
1091 1873 1220 1916 τοῦτο
1241 1871 1515 1930 ἒπιδεξάμε-

102 1964 198 2004 νον,
232 1947 291 1998 ὠς
317 1945 534 1998 πολλάκις
561 1946 926 2008 παρεστήσαμεν.

212 2025 252 2069 ’7.
283 2024 444 2082 ,ff-23⁹)
487 2029 589 2070 τίνα
635 2042 695 2083 με
732 2027 874 2076 ἔτεκες
911 2021 1062 2084 ἄνδρα
1100 2025 1399 2084 δικαζόμενον
1436 2029 1514 2070 καὶ

100 2101 450 2162 διακρινόμενον
489 2104 540 2147 ἐν
576 2102 701 2164 πάσῃ
737 2107 788 2164 τῇ
827 2105 957 2164 γῇ;“
1022 2103 1132 2148 Ἐὰν
1170 2104 1269 2163 ἴδῃς
1302 2119 1386 2159 μοι
1412 2101 1515 2153 τοὺς

100 2183 336 2238 πανταχοῦ
365 2178 595 2239 μάρτυρας
623 2182 962 2240 δικαζομένους,
995 2180 1098 2225 καθ’
1131 2179 1324 2236 ἑκάστην
1351 2180 1513 2235 ἐκκλη-

102 2261 209 2301 σίαν
244 2261 610 2317 παρισταμένους
647 2265 739 2309 τοῖς
774 2261 1029 2314 δικασταῖς,
1076 2254 1182 2314 ὄψει
1211 2262 1311 2302 τίνα
1340 2256 1513 2316 τρόπον

218 2444 259 2499 ¹)
291 2441 377 2485 Cfr.
406 2443 538 2488 Mich.
566 2445 662 2497 VII,
693 2446 730 2489 1.
849 2447 894 2502 2)
925 2446 1076 2487 Psalm.
1092 2444 1231 2496 XXX,
1244 2444 1283 2489 9.
1307 2445 1510 2502 (XXIX.)

216 2512 259 2566 3)
289 2513 422 2554 Deest
452 2516 570 2570 ,,τῷ“
600 2515 642 2557 in
672 2518 767 2560 edd.
797 2517 850 2559 H.

216 2583 259 2639 ⁴¹)
289 2584 443 2625 Psalm.
473 2584 611 2635 XXX,
641 2586 680 2629 9.
710 2588 906 2643 (XXIX.)

216 2656 259 2709 ⁵)
290 2654 377 2695 Cfr.
408 2655 565 2695 Jerem.
595 2655 690 2706 XV,
719 2655 783 2699 10.
902 2656 947 2712 ⁶)
980 2655 1065 2698 Cfr.
1094 2655 1250 2697 Jerem.
1278 2655 1374 2705 XV,
1405 2656 1468 2700 10.

218 2723 260 2777 ⁷)
290 2723 502 2777 Legerim:
534 2724 625 2767 ἀλλ’
660 2717 686 2785 ᾗ
718 2723 973 2782 ἅνθρωπος.

217 2793 261 2850 ⁸)
291 2794 423 2836 Mich.
452 2795 548 2846 Vll,
579 2795 616 2840 1.
647 2795 684 2838 2.
803 2797 846 2852 ⁹)
876 2796 960 2839 Cfr.
991 2795 1146 2838 Jerem.
1176 2794 1271 2846 XV,
1302 2793 1366 2839 10.
