1763 3112
669 94 881 136 Humum
907 93 1022 135 XIV.
1471 99 1556 146 267

149 206 239 265 ἐγώ
268 205 464 266 μήτηρ,“
494 208 572 249 καὶ
599 204 653 248 τὰ
684 206 795 260 ἑξῆς,
829 201 896 247 ὅτι
926 203 986 259 ..ἡ
1007 205 1048 260 ¹)
1078 199 1206 260 ἰσχύς
1233 221 1324 261 μου
1359 209 1559 259 ἐξέλιπεν

147 285 197 330 ἓν
225 289 316 333 τοῖς
344 286 678 341 καταρωμένοις
704 284 814 340 με.“
864 277 943 330 ““Ος
969 277 1027 324 ἂν
1056 277 1361 339 καταράσηται
1389 289 1451 343 τῷ
1475 287 1556 332 λό-

144 377 226 419 γῳ,
259 353 387 409 οὗτος
415 360 583 409 εὐθέως
611 357 836 419 λαμβάνει
866 356 950 413 τὴν
989 357 1179 402 ’κόλασιν
1208 358 1294 402 ἐπὶ
1323 363 1385 417 τῷ
1414 380 1554 408 κατα-

145 436 376 495 ράσασθαι
406 440 467 493 τῷ
499 434 643 495 λόγῳ,
685 437 761 481 ἐπὶ
806 439 865 493 τῷ
896 439 1177 491 μέμψασθαι
1205 438 1255 496 τῇ
1286 437 1557 499 διδασκαλίᾳ

139 516 298 570 Ἰησοῦ.
352 512 414 556 ‘H
438 513 530 571 γάρ
561 513 687 571 ἰσχὺς
715 517 795 558 τοῦ
823 513 966 568 Ἰησοῦ
992 513 1185 557 ἐκλείπει
1205 513 1254 557 ἐν
1277 516 1337 570 τῷ
1354 515 1556 575 τοιούτῳ,

141 594 218 634 καὶ
250 591 331 634 οὐκ
361 592 482 635 ἔστιν
512 590 639 648 ἰσχὺς
676 588 818 649 λόγου
860 591 909 635 ἒν
941 591 1086 648 αὐτῷ·
1130 589 1189 640 ὥς
1230 591 1370 635 πάλιν
1400 594 1450 637 ἐκ
1479 599 1558 640 τοῦ

142 669 371 724 ἐναντίου,
420 669 501 711 ἐὰν
531 665 772 727 εὐλογήσῃς
797 666 996 723 Ἰησοῦν,
1037 670 1114 711 καὶ
1141 670 1371 730 παραδέξῃ
1402 671 1555 729 αὐτὸν,

141 743 166 799 ἦ
199 743 325 802 ῗσχὺς
352 743 402 789 τὸ
434 746 642 789 ἐναντίον
670 741 837 802 πάσχει
877 741 899 789 ὃ
941 748 1178 790 πέπονθεν
1216 745 1267 788 ἒν
1295 751 1387 797 τοῖς
1415 756 1558 792 ’κατα-

142 826 361 880 ρωμένοις
390 820 552 866 αὐτόν·
588 819 655 871 ’ῶς
679 820 771 882 γὰρ
803 823 897 867 ἐκεῖ
915 822 1125 872 ’ἐξέλιπεν
1154 823 1204 865 ἓν
1229 827 1324 873 τοῖς
1351 840 1560 885 καταρω-

140 900 310 955 μένοις,
344 897 484 948 οὕτως
509 900 713 945 ’ἐνταῦθα
743 895 868 949 αὔξει
897 900 948 943 ἒν
975 904 1068 949 τοῖς
1096 897 1362 956 εὐλογοῦσι.Ι

255 976 323 1021 11.
354 980 572 1031 ,,Γένοιτο
593 977 635 1032 ²)
665 975 790 1034 κύριε
821 975 1202 1020 κατευθυνοὶντων
1232 976 1396 1033 αὐτῶν,
1429 983 1469 1024 εἰ
1495 980 1557 1036 μὴ

139 1057 371 1108 παρέστην
399 1067 473 1096 σοι
502 1054 553 1097 ἒν
582 1056 724 1111 καιρῷ
757 1055 850 1097 τῶν
887 1056 1043 1097 κακῶν
1083 1052 1287 1099 αὐτῶν.“

1359 1060 1417 1098 Τί
1443 1062 1558 1115 „yff-

141 1145 263 1175 νοιτο
280 1130 322 1186 3)
355 1128 546 1187 κύριε;“
585 1129 632 1174 Ὁ
672 1128 928 1187 δυνάμενος
959 1130 1038 1188 ἀφ’
1073 1132 1233 1175 ἑαυτοῦ
1264 1138 1558 1191 συναγαγέτω

138 1205 189 1251 τὸ
219 1211 426 1252 τοιοῦτον
457 1207 532 1252 τό·
566 1213 776 1266 ,,γένοιτο
793 1209 836 1264 4)
868 1209 1067 1251 δέσποτα
1097 1205 1221 1266 κύριε
1244 1211 1558 1256 κατευθύναν-

139 1300 231 1328 των
262 1284 464 1339 αὐτῶν,“
495 1289 671 1342 γένοιτο
704 1283 832 1340 ἰσχὺς
862 1285 1130 1328 ἐκλείπουσα
1162 1285 1212 1328 ἕν
1232 1291 1326 1335 τοῖς
1348 1303 1558 1345 καταρω-

140 1365 308 1420 μένοις,
343 1360 452 1405 ὅταν
481 1360 593 1418 μετὰ
624 1361 673 1404 τὸ
723 1365 871 1411 κακῶς
914 1377 973 1419 με
1017 1364 1184 1416 εἰπεῖν,
1232 1365 1438 1418 τραπῶσι
1476 1364 1559 1422 τὴν

136 1438 339 1493 εὐθεῖαν,
373 1441 450 1481 καὶ
481 1436 624 1491 αὐτὴν
655 1435 891 1482 ὃδεύσωσι.
950 1442 1164 1493 ,,Γένοιτο
1183 1439 1224 1494 ⁵)
1255 1440 1456 1485 δέσποτα
1472 1459 1558 1487 κα-

139 1513 458 1559 τευθυνάντων
488 1514 650 1571 αὐτῶν,
683 1519 721 1560 εἴ
748 1513 810 1573 μὴ
840 1520 1068 1575 παρέστην
1086 1518 1204 1559 σοι.“
1245 1514 1360 1561 Εἶτα
1380 1519 1559 1565 δικαιο-

141 1595 341 1649 λογεῖται
370 1590 495 1651 παρὰ
528 1596 617 1635 τῶν
634 1590 1013 1650 κακολογούντων
1032 1591 1184 1647 αὐτὸν,
1215 1596 1389 1651 λέγων·
1422 1599 1559 1655 ,,εῗ6)

140 1667 204 1724 μὴ
234 1673 464 1728 παρέστην
494 1683 567 1713 σοι
596 1669 646 1713 ἓν
675 1671 817 1728 καιρῷ
848 1672 939 1713 τῶν
959 1673 1117 1714 ’κακῶν
1145 1669 1348 1716 αὐτῶν.“
1403 1679 1560 1731 Παρέ-

141 1760 221 1801 στη
250 1749 312 1802 τῷ
343 1749 496 1803 πατρὶ,
528 1744 776 1804 ἱλασμὸς7)
804 1743 869 1791 ὢν
898 1750 1004 1807 περὶ
1031 1750 1124 1790 τῶν
1154 1744 1389 1805 ἁμαρτιῶν
1411 1748 1556 1808 ἡμῶν,

142 1826 220 1866 καὶ
248 1822 526 1880 παρεκάλεσε
556 1827 661 1880 περὶ
693 1822 843 1867 αὐτῶν
872 1825 923 1868 ἓν
954 1823 1075 1881 αὐτῷ
1104 1827 1166 1880 τῷ
1192 1827 1332 1883 καιρῷ
1354 1828 1445 1872 τῶν
1473 1845 1560 1871 κα-

142 1902 236 1944 κῶν
264 1898 410 1958 ἦμῶν.
467 1899 576 1942 Ἀλλ’
618 1896 763 1944 ὅντων
801 1903 892 1945 τῶν
932 1899 1216 1959 ἁμαρτωλῶν
1244 1899 1404 1960 ἡμῶν,
1439 1911 1559 1966 Χρι-

142 1974 245 2027 στὸς
273 1975 389 2036 ὑπὲρ
418 1975 550 2034 ἡμῶν
578 1977 830 2022 ἀπέθανεν.
875 1978 1027 2034 ,,Εῗ8)
1056 1976 1118 2034 μῆ
1152 1983 1380 2039 παρέστην
1408 1998 1481 2026 σοι
1511 1984 1562 2029 ἒν

142 2057 284 2112 καιρῷ
315 2057 408 2098 τῶν
435 2057 590 2098 κακῶν
620 2053 791 2110 αὐτῶν,
838 2055 888 2099 ἐν
925 2058 1068 2113 καιρῷ
1116 2058 1207 2099 τῶν
1235 2060 1446 2114 θλίψεων
1475 2060 1561 2105 αὐ-

141 2134 234 2175 τῶν
263 2134 324 2180 εἰς
351 2130 510 2189 ἀγαθὰ
539 2130 654 2192 πρὸς
681 2130 761 2177 τὸν
793 2130 1012 2191 ἕχθρόν.“
1064 2134 1159 2175 Καὶ
1189 2133 1239 2177 ἐν
1266 2138 1329 2192 τῷ
1360 2139 1502 2194 καιρῷ
1519 2138 1562 2195 ⁹)

144 2211 220 2262 τῆς
244 2211 448 2265 θλίψεως
477 2208 652 2265 αὐτῶν,
695 2213 836 2268 φησὶ,
886 2212 964 2263 τῆς
990 2207 1106 2270 πρὸς
1134 2208 1214 2255 τὸν
1243 2211 1437 2272 ἐχθρὸν,
1470 2215 1560 2272 ἐγώ

144 2289 372 2343 παρέστην
401 2300 474 2330 σοι
502 2285 618 2346 ὑπὲρ
649 2287 812 2333 αὐτῶν.
859 2291 937 2337 Τίς
966 2288 1017 2331 δὲ
1048 2285 1070 2332 ὁ
1104 2287 1280 2345 ἐχθρὸς,
1313 2286 1341 2345 ἢ
1373 2289 1395 2334 ὁ
1429 2291 1559 2336 ἀντί-

149 2362 274 2413 δικος
301 2360 432 2420 ἡμῶν
459 2361 683 2420 διάβολος,
717 2361 765 2414 ὃς
795 2366 987 2421 ἕθλιψεν
1023 2363 1166 2420 ἡμᾶς,
1217 2369 1294 2408 καὶ
1324 2372 1483 2426 σαφῶς
1513 2370 1563 2414 ἐν

270 2490 307 2544 ¹)
337 2491 491 2530 Jcrem.
520 2489 613 2539 XV,
645 2490 710 2533 10.
830 2492 873 2546 2)
905 2490 991 2532 Cfr.
1021 2491 1175 2533 Jerem.
1207 2492 1301 2543 XV,
1333 2493 1397 2538 11.

265 2559 307 2615 3)
337 2559 492 2600 Jerem.
523 2559 614 2609 XV,
647 2559 710 2602 11.

265 2628 308 2686 ⁴)
340 2630 424 2671 Cfr.
455 2629 612 2670 Jerem.
643 2630 736 2679 XV,
768 2630 833 2689 11.
868 2631 966 2671 coll.
997 2647 1088 2686 pag.
1124 2630 1208 2687 huj.
1239 2643 1325 2672 not.
1355 2631 1394 2674 2.

266 2701 307 2754 Ξ·)
339 2699 426 2740 Cfr.
457 2699 614 2743 Jerem.
646 2696 740 2749 XV,
770 2694 837 2743 ³11.
959 2700 1003 2754 6)
1033 2702 1188 2741 Jerem.
1218 2701 1310 2751 XV,
1342 2702 1406 2745 11.

264 2770 304 2824 7)
335 2770 421 2810 Cfr.
454 2770 472 2810 1
503 2768 654 2810 Joann.
688 2770 745 2820 II,
775 2768 814 2812 2.
934 2768 978 2824 ⁸)
1010 2771 1096 2813 Cfr.
1126 2771 1281 2812 Jerem.
1316 2771 1409 2822 XV,
1441 2771 1504 2816 11,

264 2838 306 2893 ⁰)
337 2838 423 2880 Cfr.
452 2837 608 2881 Jerem.
640 2839 733 2890 XV,
772 2838 835 2884 11.
870 2841 969 2882 coll.
999 2858 1089 2897 pag.
1121 2840 1205 2897 huj.
1237 2852 1322 2882 not.
1353 2841 1393 2884 8.
