<?xml version="1.0" encoding="UTF-8"?>
<!DOCTYPE html PUBLIC "-//W3C//DTD XHTML 1.0 Transitional//EN"
    "http://www.w3.org/TR/xhtml1/DTD/xhtml1-transitional.dtd">
<html xmlns="http://www.w3.org/1999/xhtml" xml:lang="en" lang="en">
 <head>
  <title>
</title>
<meta http-equiv="Content-Type" content="text/html;charset=utf-8" />
  <meta name='ocr-system' content='tesseract 3.04.00' />
  <meta name='ocr-capabilities' content='ocr_page ocr_carea ocr_par ocr_line ocrx_word'/>
</head>
<body>
  <div class='ocr_page' id='page_1' title='image "./operaomniaquaegr15orig/operaomniaquaegr15orig_0211.png"; bbox 0 0 1734 3112; ppageno 0'>
   <div class='ocr_carea' id='block_1_1' title="bbox 569 104 1459 156">
    <p class='ocr_par' dir='ltr' id='par_1_1' title="bbox 569 104 1459 156">
     <span class='ocr_line' id='line_1_1' title="bbox 569 104 1459 156; baseline 0.009 -8"><span class='ocrx_word' id='word_1_1' title='bbox 569 105 767 148; x_wconf 70' lang='lat' dir='ltr'>Homm</span> <span class='ocrx_word' id='word_1_2' title='bbox 798 104 914 148; x_wconf 88' lang='lat' dir='ltr'><strong>VIII.</strong></span> <span class='ocrx_word' id='word_1_3' title='bbox 1377 109 1459 156; x_wconf 82' lang='lat'><strong><em>197</em></strong></span> 
     </span>
    </p>
   </div>
   <div class='ocr_carea' id='block_1_2' title="bbox 25 216 1466 2140">
    <p class='ocr_par' dir='ltr' id='par_1_2' title="bbox 25 216 1466 2140">
     <span class='ocr_line' id='line_1_2' title="bbox 36 216 1463 281; baseline 0.002 -19"><span class='ocrx_word' id='word_1_4' title='bbox 36 216 64 275; x_wconf 79' lang='grc' dir='ltr'><em>ἢ</em></span> <span class='ocrx_word' id='word_1_5' title='bbox 103 220 303 281; x_wconf 75' lang='grc' dir='ltr'><strong><em>βρέχειν,</em></strong></span> <span class='ocrx_word' id='word_1_6' title='bbox 350 219 628 279; x_wconf 85' lang='grc' dir='ltr'><strong><em>γέγραπται·</em></strong></span> <span class='ocrx_word' id='word_1_7' title='bbox 675 218 871 278; x_wconf 59' lang='lat' dir='ltr'><strong><em>„rats-¹)</em></strong></span> <span class='ocrx_word' id='word_1_8' title='bbox 917 218 1130 275; x_wconf 77' lang='grc' dir='ltr'><em>νεφέλαις</em></span> <span class='ocrx_word' id='word_1_9' title='bbox 1180 217 1463 278; x_wconf 81' lang='grc' dir='ltr'><strong><em>ἒντελοῦμαι,</em></strong></span> 
     </span>
     <span class='ocr_line' id='line_1_3' title="bbox 34 287 1466 355; baseline 0.001 -14"><span class='ocrx_word' id='word_1_10' title='bbox 34 299 118 342; x_wconf 84' lang='grc' dir='ltr'><strong><em>τοῦ</em></strong></span> <span class='ocrx_word' id='word_1_11' title='bbox 147 295 213 354; x_wconf 86' lang='grc' dir='ltr'><strong><em>μὴ</em></strong></span> <span class='ocrx_word' id='word_1_12' title='bbox 243 297 395 352; x_wconf 80' lang='grc' dir='ltr'><em>βρέξαι</em></span> <span class='ocrx_word' id='word_1_13' title='bbox 426 296 495 340; x_wconf 77' lang='grc' dir='ltr'><strong><em>ἐπ’</em></strong></span> <span class='ocrx_word' id='word_1_14' title='bbox 531 295 670 342; x_wconf 84' lang='grc' dir='ltr'><strong><em>αὐτὸν</em></strong></span> <span class='ocrx_word' id='word_1_15' title='bbox 699 293 845 341; x_wconf 87' lang='grc' dir='ltr'><strong><em>ὑετόν.</em></strong></span> <span class='ocrx_word' id='word_1_16' title='bbox 910 295 1016 340; x_wconf 86' lang='grc' dir='ltr'><strong><em>Ἐπὶ</em></strong></span> <span class='ocrx_word' id='word_1_17' title='bbox 1051 295 1141 355; x_wconf 80' lang='grc' dir='ltr'><strong><em>μὲν</em></strong></span> <span class='ocrx_word' id='word_1_18' title='bbox 1182 287 1267 340; x_wconf 77' lang='grc' dir='ltr'><strong><em>οὖν</em></strong></span> <span class='ocrx_word' id='word_1_19' title='bbox 1294 294 1466 343; x_wconf 81' lang='grc' dir='ltr'><strong><em>τούτων</em></strong></span> 
     </span>
     <span class='ocr_line' id='line_1_4' title="bbox 35 364 1466 435; baseline 0.001 -17"><span class='ocrx_word' id='word_1_20' title='bbox 35 375 262 432; x_wconf 79' lang='grc' dir='ltr'><strong><em>νεφελῶν,</em></strong></span> <span class='ocrx_word' id='word_1_21' title='bbox 303 369 386 416; x_wconf 73' lang='grc' dir='ltr'><strong><em>ἐὰν</em></strong></span> <span class='ocrx_word' id='word_1_22' title='bbox 423 371 488 430; x_wconf 89' lang='grc' dir='ltr'><strong><em>μὴ</em></strong></span> <span class='ocrx_word' id='word_1_23' title='bbox 527 371 656 423; x_wconf 82' lang='grc' dir='ltr'><em>ὑετὸς</em></span> <span class='ocrx_word' id='word_1_24' title='bbox 684 364 736 435; x_wconf 80' lang='grc' dir='ltr'><strong><em>ᾗ,</em></strong></span> <span class='ocrx_word' id='word_1_25' title='bbox 783 373 865 418; x_wconf 86' lang='grc' dir='ltr'><strong><em>οὐκ</em></strong></span> <span class='ocrx_word' id='word_1_26' title='bbox 895 373 1146 419; x_wconf 77' lang='grc' dir='ltr'><strong><em>ἐντέλλεται</em></strong></span> <span class='ocrx_word' id='word_1_27' title='bbox 1176 371 1199 418; x_wconf 84' lang='grc' dir='ltr'>ὁ</span> <span class='ocrx_word' id='word_1_28' title='bbox 1232 371 1338 423; x_wconf 77' lang='grc' dir='ltr'><strong><em>θεὸς</em></strong></span> <span class='ocrx_word' id='word_1_29' title='bbox 1369 381 1466 425; x_wconf 85' lang='grc' dir='ltr'><strong><em>ταῖς</em></strong></span> 
     </span>
     <span class='ocr_line' id='line_1_5' title="bbox 37 447 1464 511; baseline 0.001 -15"><span class='ocrx_word' id='word_1_30' title='bbox 37 453 258 510; x_wconf 80' lang='grc' dir='ltr'><strong><em>νεφέλαις,</em></strong></span> <span class='ocrx_word' id='word_1_31' title='bbox 290 452 370 495; x_wconf 85' lang='grc' dir='ltr'><strong><em>τοῦ</em></strong></span> <span class='ocrx_word' id='word_1_32' title='bbox 399 448 464 506; x_wconf 84' lang='grc' dir='ltr'><strong><em>μὴ</em></strong></span> <span class='ocrx_word' id='word_1_33' title='bbox 496 453 676 511; x_wconf 81' lang='grc' dir='ltr'><strong><em>βρέχειν</em></strong></span> <span class='ocrx_word' id='word_1_34' title='bbox 707 451 784 495; x_wconf 74' lang='grc' dir='ltr'><strong><em>ἐπὶ</em></strong></span> <span class='ocrx_word' id='word_1_35' title='bbox 814 448 896 496; x_wconf 87' lang='grc' dir='ltr'><strong><em>τόν</em></strong></span> <span class='ocrx_word' id='word_1_36' title='bbox 927 449 1180 510; x_wconf 76' lang='grc' dir='ltr'><strong><em>ἀμπελῶνα</em></strong></span> <span class='ocrx_word' id='word_1_37' title='bbox 1209 447 1238 507; x_wconf 86' lang='grc' dir='ltr'><em>ἢ</em></span> <span class='ocrx_word' id='word_1_38' title='bbox 1268 447 1351 507; x_wconf 86' lang='grc' dir='ltr'><strong><em>τὴν</em></strong></span> <span class='ocrx_word' id='word_1_39' title='bbox 1363 450 1464 509; x_wconf 80' lang='grc' dir='ltr'><strong><em>χιό-</em></strong></span> 
     </span>
     <span class='ocr_line' id='line_1_6' title="bbox 32 523 1466 588; baseline 0.003 -19"><span class='ocrx_word' id='word_1_40' title='bbox 32 541 119 583; x_wconf 85' lang='grc' dir='ltr'><strong><em>ραν</em></strong></span> <span class='ocrx_word' id='word_1_41' title='bbox 147 523 302 581; x_wconf 87' lang='grc' dir='ltr'><strong><em>ὑετὸν,</em></strong></span> <span class='ocrx_word' id='word_1_42' title='bbox 345 524 459 570; x_wconf 80' lang='grc' dir='ltr'><strong><em>ἀλλά</em></strong></span> <span class='ocrx_word' id='word_1_43' title='bbox 476 527 518 585; x_wconf 81' lang='lat'><strong><em>²)</em></strong></span> <span class='ocrx_word' id='word_1_44' title='bbox 561 544 653 572; x_wconf 92' lang='grc' dir='ltr'><strong><em>που</em></strong></span> <span class='ocrx_word' id='word_1_45' title='bbox 692 525 805 578; x_wconf 84' lang='grc' dir='ltr'><strong><em>ὅλως</em></strong></span> <span class='ocrx_word' id='word_1_46' title='bbox 844 528 899 574; x_wconf 88' lang='grc' dir='ltr'><strong><em>οὑ</em></strong></span> <span class='ocrx_word' id='word_1_47' title='bbox 930 530 1144 588; x_wconf 84' lang='grc' dir='ltr'><strong><em>φαίνεται</em></strong></span> <span class='ocrx_word' id='word_1_48' title='bbox 1178 531 1371 587; x_wconf 81' lang='grc' dir='ltr'><strong><em>νεφέλη,</em></strong></span> <span class='ocrx_word' id='word_1_49' title='bbox 1406 529 1466 582; x_wconf 80' lang='grc' dir='ltr'><strong><em>ὦς</em></strong></span> 
     </span>
     <span class='ocr_line' id='line_1_7' title="bbox 34 603 1462 669; baseline 0.004 -21"><span class='ocrx_word' id='word_1_50' title='bbox 34 603 84 648; x_wconf 72' lang='grc' dir='ltr'><strong><em>ἐν</em></strong></span> <span class='ocrx_word' id='word_1_51' title='bbox 111 605 162 665; x_wconf 80' lang='grc' dir='ltr'><strong><em>τῇ</em></strong></span> <span class='ocrx_word' id='word_1_52' title='bbox 200 607 323 665; x_wconf 83' lang='grc' dir='ltr'><em>τρίτῃ</em></span> <span class='ocrx_word' id='word_1_53' title='bbox 362 606 454 649; x_wconf 87' lang='grc' dir='ltr'><strong><em>τῶν</em></strong></span> <span class='ocrx_word' id='word_1_54' title='bbox 497 606 812 663; x_wconf 73' lang='grc' dir='ltr'><strong><em>Βασιλειῶν3)</em></strong></span> <span class='ocrx_word' id='word_1_55' title='bbox 856 609 1134 666; x_wconf 85' lang='grc' dir='ltr'><strong><em>γέγραπται·</em></strong></span> <span class='ocrx_word' id='word_1_56' title='bbox 1183 604 1294 653; x_wconf 86' lang='grc' dir='ltr'><strong><em>ὅταν</em></strong></span> <span class='ocrx_word' id='word_1_57' title='bbox 1335 607 1462 669; x_wconf 78' lang='grc' dir='ltr'><strong><em>παρὰ</em></strong></span> 
     </span>
     <span class='ocr_line' id='line_1_8' title="bbox 30 678 1465 744; baseline 0.003 -19"><span class='ocrx_word' id='word_1_58' title='bbox 30 678 110 726; x_wconf 87' lang='grc' dir='ltr'><strong><em>τὸν</em></strong></span> <span class='ocrx_word' id='word_1_59' title='bbox 149 678 311 738; x_wconf 85' lang='grc' dir='ltr'><strong><em>καιρὸν</em></strong></span> <span class='ocrx_word' id='word_1_60' title='bbox 345 684 422 738; x_wconf 87' lang='grc' dir='ltr'><strong><em>τῆς</em></strong></span> <span class='ocrx_word' id='word_1_61' title='bbox 464 682 682 742; x_wconf 79' lang='grc' dir='ltr'><strong><em>ἆβροχίας</em></strong></span> <span class='ocrx_word' id='word_1_62' title='bbox 724 686 890 743; x_wconf 90' lang='grc' dir='ltr'><strong><em>νεφέλη</em></strong></span> <span class='ocrx_word' id='word_1_63' title='bbox 933 683 1016 728; x_wconf 84' lang='grc' dir='ltr'><strong><em>οὐκ</em></strong></span> <span class='ocrx_word' id='word_1_64' title='bbox 1047 686 1289 744; x_wconf 74' lang='grc' dir='ltr'><strong><em>ἕφαίνετο’</em></strong></span> <span class='ocrx_word' id='word_1_65' title='bbox 1327 683 1465 741; x_wconf 78' lang='grc' dir='ltr'><strong><em>ἡνίκα</em></strong></span> 
     </span>
     <span class='ocr_line' id='line_1_9' title="bbox 31 755 1465 822; baseline 0.003 -19"><span class='ocrx_word' id='word_1_66' title='bbox 31 757 84 803; x_wconf 79' lang='grc' dir='ltr'><strong><em>δὲ</em></strong></span> <span class='ocrx_word' id='word_1_67' title='bbox 112 755 225 802; x_wconf 75' lang='grc' dir='ltr'><strong><em>κατὰ</em></strong></span> <span class='ocrx_word' id='word_1_68' title='bbox 256 756 337 802; x_wconf 83' lang='grc' dir='ltr'><strong><em>τὸν</em></strong></span> <span class='ocrx_word' id='word_1_69' title='bbox 374 757 516 818; x_wconf 86' lang='grc' dir='ltr'><strong><em>λόγον</em></strong></span> <span class='ocrx_word' id='word_1_70' title='bbox 555 765 632 817; x_wconf 84' lang='grc' dir='ltr'><strong><em>τῆς</em></strong></span> <span class='ocrx_word' id='word_1_71' title='bbox 668 765 952 821; x_wconf 82' lang='grc' dir='ltr'><strong><em>προφητείας</em></strong></span> <span class='ocrx_word' id='word_1_72' title='bbox 982 764 1061 807; x_wconf 85' lang='grc' dir='ltr'><strong><em>τοῦ</em></strong></span> <span class='ocrx_word' id='word_1_73' title='bbox 1089 761 1247 807; x_wconf 83' lang='grc' dir='ltr'><strong><em>Ἠλίου</em></strong></span> <span class='ocrx_word' id='word_1_74' title='bbox 1276 762 1465 822; x_wconf 79' lang='grc' dir='ltr'><strong><em>ἔμελλεν</em></strong></span> 
     </span>
     <span class='ocr_line' id='line_1_10' title="bbox 32 833 1462 899; baseline 0.003 -19"><span class='ocrx_word' id='word_1_75' title='bbox 32 833 55 881; x_wconf 82' lang='grc' dir='ltr'>ὁ</span> <span class='ocrx_word' id='word_1_76' title='bbox 88 833 213 885; x_wconf 83' lang='grc' dir='ltr'><strong><em>ὑετὸς</em></strong></span> <span class='ocrx_word' id='word_1_77' title='bbox 242 840 470 894; x_wconf 77' lang='grc' dir='ltr'><strong><em>γίνεσθαι,</em></strong></span> <span class='ocrx_word' id='word_1_78' title='bbox 504 842 630 896; x_wconf 73' lang='grc' dir='ltr'><strong><em>ἴχνος</em></strong></span> <span class='ocrx_word' id='word_1_79' title='bbox 644 837 688 895; x_wconf 71' lang='lat'><strong><em>⁴)</em></strong></span> <span class='ocrx_word' id='word_1_80' title='bbox 721 836 871 899; x_wconf 73' lang='grc' dir='ltr'><strong><em>ἐφάνη</em></strong></span> <span class='ocrx_word' id='word_1_81' title='bbox 904 843 1094 898; x_wconf 77' lang='grc' dir='ltr'><strong><em>νεφέλης</em></strong></span> <span class='ocrx_word' id='word_1_82' title='bbox 1125 837 1188 889; x_wconf 79' lang='grc' dir='ltr'><strong><em>ῶς</em></strong></span> <span class='ocrx_word' id='word_1_83' title='bbox 1216 843 1343 898; x_wconf 80' lang='grc' dir='ltr'><strong><em>ἴχνος</em></strong></span> <span class='ocrx_word' id='word_1_84' title='bbox 1374 840 1462 885; x_wconf 80' lang='grc' dir='ltr'><strong><em>ἆν-</em></strong></span> 
     </span>
     <span class='ocr_line' id='line_1_11' title="bbox 34 911 1462 976; baseline 0.004 -19"><span class='ocrx_word' id='word_1_85' title='bbox 34 911 165 971; x_wconf 82' lang='grc' dir='ltr'><strong><em>δρός,</em></strong></span> <span class='ocrx_word' id='word_1_86' title='bbox 207 916 284 957; x_wconf 84' lang='grc' dir='ltr'><strong><em>καὶ</em></strong></span> <span class='ocrx_word' id='word_1_87' title='bbox 329 914 508 974; x_wconf 73' lang='grc' dir='ltr'><strong><em>ἐγένετο</em></strong></span> <span class='ocrx_word' id='word_1_88' title='bbox 549 920 717 976; x_wconf 79' lang='grc' dir='ltr'><strong><em>νεφέλη</em></strong></span> <span class='ocrx_word' id='word_1_89' title='bbox 755 918 958 963; x_wconf 86' lang='grc' dir='ltr'><strong><em>ποιοῦσα</em></strong></span> <span class='ocrx_word' id='word_1_90' title='bbox 1000 914 1081 961; x_wconf 83' lang='grc' dir='ltr'><strong><em>τὸν</em></strong></span> <span class='ocrx_word' id='word_1_91' title='bbox 1119 914 1276 962; x_wconf 90' lang='grc' dir='ltr'><strong><em>ὑετόν·</em></strong></span> <span class='ocrx_word' id='word_1_92' title='bbox 1323 916 1381 968; x_wconf 80' lang='grc' dir='ltr'><strong><em>ὥς</em></strong></span> <span class='ocrx_word' id='word_1_93' title='bbox 1411 918 1462 963; x_wconf 78' lang='grc' dir='ltr'><strong><em>δὲ</em></strong></span> 
     </span>
     <span class='ocr_line' id='line_1_12' title="bbox 30 989 1458 1052; baseline 0.004 -17"><span class='ocrx_word' id='word_1_94' title='bbox 30 989 336 1050; x_wconf 80' lang='grc' dir='ltr'><strong><em>ὑπαρχουσῶν</em></strong></span> <span class='ocrx_word' id='word_1_95' title='bbox 364 993 453 1052; x_wconf 81' lang='grc' dir='ltr'><strong><em>μὲν</em></strong></span> <span class='ocrx_word' id='word_1_96' title='bbox 482 996 575 1039; x_wconf 88' lang='grc' dir='ltr'><strong><em>τῶν</em></strong></span> <span class='ocrx_word' id='word_1_97' title='bbox 604 996 825 1052; x_wconf 80' lang='grc' dir='ltr'><strong><em>νεφελῶν,</em></strong></span> <span class='ocrx_word' id='word_1_98' title='bbox 859 996 1171 1052; x_wconf 84' lang='grc' dir='ltr'><strong><em>κελευομένων</em></strong></span> <span class='ocrx_word' id='word_1_99' title='bbox 1195 994 1328 1052; x_wconf 81' lang='grc' dir='ltr'><strong><em>δὲμὴ</em></strong></span> <span class='ocrx_word' id='word_1_100' title='bbox 1347 992 1458 1052; x_wconf 78' lang='grc' dir='ltr'><strong><em>ὕειν,</em></strong></span> 
     </span>
     <span class='ocr_line' id='line_1_13' title="bbox 31 1066 1460 1133; baseline 0.003 -19"><span class='ocrx_word' id='word_1_101' title='bbox 31 1066 142 1114; x_wconf 83' lang='grc' dir='ltr'><strong><em>ὅταν</em></strong></span> <span class='ocrx_word' id='word_1_102' title='bbox 178 1069 344 1121; x_wconf 72' lang='grc' dir='ltr'><strong><em>ἀναξία</em></strong></span> <span class='ocrx_word' id='word_1_103' title='bbox 386 1068 410 1125; x_wconf 82' lang='grc' dir='ltr'><em>ἦ</em></span> <span class='ocrx_word' id='word_1_104' title='bbox 455 1069 580 1128; x_wconf 78' lang='grc' dir='ltr'><strong><em>ψυχὴ</em></strong></span> <span class='ocrx_word' id='word_1_105' title='bbox 624 1073 703 1115; x_wconf 89' lang='grc' dir='ltr'><strong><em>τοῦ</em></strong></span> <span class='ocrx_word' id='word_1_106' title='bbox 735 1070 869 1117; x_wconf 81' lang='grc' dir='ltr'><strong><em>ὑετοῦ</em></strong></span> <span class='ocrx_word' id='word_1_107' title='bbox 900 1069 1130 1133; x_wconf 76' lang='grc' dir='ltr'><strong><em>τυγχάνῃ,</em></strong></span> <span class='ocrx_word' id='word_1_108' title='bbox 1174 1074 1352 1130; x_wconf 88' lang='grc' dir='ltr'><strong><em>λέγεται</em></strong></span> <span class='ocrx_word' id='word_1_109' title='bbox 1379 1071 1460 1118; x_wconf 86' lang='grc' dir='ltr'><strong><em>τό·</em></strong></span> 
     </span>
     <span class='ocr_line' id='line_1_14' title="bbox 29 1147 1461 1207; baseline 0.003 -16"><span class='ocrx_word' id='word_1_110' title='bbox 29 1148 213 1204; x_wconf 71' lang='grc' dir='ltr'><strong><em>,,ταῖς5)</em></strong></span> <span class='ocrx_word' id='word_1_111' title='bbox 245 1150 457 1207; x_wconf 81' lang='grc' dir='ltr'><strong><em>νεφέλαις</em></strong></span> <span class='ocrx_word' id='word_1_112' title='bbox 487 1148 776 1205; x_wconf 77' lang='grc' dir='ltr'><strong><em>ἕντελοῦμαι,</em></strong></span> <span class='ocrx_word' id='word_1_113' title='bbox 817 1150 898 1193; x_wconf 84' lang='grc' dir='ltr'><strong><em>τοῦ</em></strong></span> <span class='ocrx_word' id='word_1_114' title='bbox 938 1147 1002 1207; x_wconf 84' lang='grc' dir='ltr'><strong><em>μὴ</em></strong></span> <span class='ocrx_word' id='word_1_115' title='bbox 1035 1152 1189 1206; x_wconf 82' lang='grc' dir='ltr'><strong><em>βρέξαι</em></strong></span> <span class='ocrx_word' id='word_1_116' title='bbox 1220 1148 1286 1194; x_wconf 72' lang='grc' dir='ltr'><strong><em>ἐπ’</em></strong></span> <span class='ocrx_word' id='word_1_117' title='bbox 1321 1148 1461 1195; x_wconf 80' lang='grc' dir='ltr'><strong><em>αὐτὸν</em></strong></span> 
     </span>
     <span class='ocr_line' id='line_1_15' title="bbox 28 1221 1458 1286; baseline 0.001 -17"><span class='ocrx_word' id='word_1_118' title='bbox 28 1221 213 1270; x_wconf 85' lang='grc' dir='ltr'><strong><em>ὑετόν.“</em></strong></span> <span class='ocrx_word' id='word_1_119' title='bbox 260 1225 441 1270; x_wconf 78' lang='grc' dir='ltr'><strong><em>Οὐκοῦν</em></strong></span> <span class='ocrx_word' id='word_1_120' title='bbox 472 1225 658 1276; x_wconf 76' lang='grc' dir='ltr'><strong><em>ἕκαστος</em></strong></span> <span class='ocrx_word' id='word_1_121' title='bbox 686 1227 779 1271; x_wconf 84' lang='grc' dir='ltr'><strong><em>τῶν</em></strong></span> <span class='ocrx_word' id='word_1_122' title='bbox 809 1224 957 1285; x_wconf 70' lang='grc' dir='ltr'><strong><em>ιἰγίων</em></strong></span> <span class='ocrx_word' id='word_1_123' title='bbox 986 1230 1154 1286; x_wconf 88' lang='grc' dir='ltr'><strong><em>νεφέλη</em></strong></span> <span class='ocrx_word' id='word_1_124' title='bbox 1177 1227 1285 1272; x_wconf 78' lang='grc' dir='ltr'><strong><em>ἔστί.</em></strong></span> <span class='ocrx_word' id='word_1_125' title='bbox 1336 1231 1458 1271; x_wconf 86' lang='grc' dir='ltr'><strong><em>Μω-</em></strong></span> 
     </span>
     <span class='ocr_line' id='line_1_16' title="bbox 28 1296 1462 1364; baseline 0.001 -17"><span class='ocrx_word' id='word_1_126' title='bbox 28 1305 109 1358; x_wconf 87' lang='grc' dir='ltr'><strong><em>σῆς</em></strong></span> <span class='ocrx_word' id='word_1_127' title='bbox 139 1306 304 1363; x_wconf 84' lang='grc' dir='ltr'><strong><em>νεφέλη</em></strong></span> <span class='ocrx_word' id='word_1_128' title='bbox 334 1296 414 1361; x_wconf 78' lang='grc' dir='ltr'><strong><em>ἧν,</em></strong></span> <span class='ocrx_word' id='word_1_129' title='bbox 446 1306 522 1348; x_wconf 84' lang='grc' dir='ltr'><strong><em>καὶ</em></strong></span> <span class='ocrx_word' id='word_1_130' title='bbox 553 1301 612 1353; x_wconf 82' lang='grc' dir='ltr'><strong><em>ὠς</em></strong></span> <span class='ocrx_word' id='word_1_131' title='bbox 643 1305 809 1362; x_wconf 85' lang='grc' dir='ltr'><strong><em>νεφέλη</em></strong></span> <span class='ocrx_word' id='word_1_132' title='bbox 850 1303 998 1361; x_wconf 78' lang='grc' dir='ltr'><strong><em>ἔλεγε·</em></strong></span> <span class='ocrx_word' id='word_1_133' title='bbox 1047 1301 1277 1364; x_wconf 87' lang='grc' dir='ltr'><strong><em>,,πρόσεχε</em></strong></span> <span class='ocrx_word' id='word_1_134' title='bbox 1293 1304 1335 1361; x_wconf 82' lang='lat'><strong><em>⁶)</em></strong></span> <span class='ocrx_word' id='word_1_135' title='bbox 1378 1304 1462 1349; x_wconf 87' lang='grc' dir='ltr'><strong><em>οὐ-</em></strong></span> 
     </span>
     <span class='ocr_line' id='line_1_17' title="bbox 30 1377 1461 1440; baseline 0.003 -17"><span class='ocrx_word' id='word_1_136' title='bbox 30 1380 163 1439; x_wconf 84' lang='grc' dir='ltr'><strong><em>ρανὲ,</em></strong></span> <span class='ocrx_word' id='word_1_137' title='bbox 215 1383 292 1425; x_wconf 87' lang='grc' dir='ltr'><strong><em>καὶ</em></strong></span> <span class='ocrx_word' id='word_1_138' title='bbox 334 1377 538 1437; x_wconf 87' lang='grc' dir='ltr'><strong><em>λαλήσω,</em></strong></span> <span class='ocrx_word' id='word_1_139' title='bbox 588 1382 665 1423; x_wconf 89' lang='grc' dir='ltr'><strong><em>καὶ</em></strong></span> <span class='ocrx_word' id='word_1_140' title='bbox 706 1379 902 1425; x_wconf 82' lang='grc' dir='ltr'><strong><em>ἀκουέτω</em></strong></span> <span class='ocrx_word' id='word_1_141' title='bbox 936 1380 994 1440; x_wconf 83' lang='grc' dir='ltr'><strong><em>γῆ</em></strong></span> <span class='ocrx_word' id='word_1_142' title='bbox 1025 1378 1204 1440; x_wconf 82' lang='grc' dir='ltr'><strong><em>ῥήματα</em></strong></span> <span class='ocrx_word' id='word_1_143' title='bbox 1236 1378 1461 1439; x_wconf 87' lang='grc' dir='ltr'><strong><em>στόματός</em></strong></span> 
     </span>
     <span class='ocr_line' id='line_1_18' title="bbox 29 1455 1460 1519; baseline 0 -17"><span class='ocrx_word' id='word_1_144' title='bbox 29 1474 136 1515; x_wconf 89' lang='grc' dir='ltr'><strong><em>μου.</em></strong></span> <span class='ocrx_word' id='word_1_145' title='bbox 195 1455 546 1519; x_wconf 75' lang='grc' dir='ltr'><strong><em>Προσδοκάσθω</em></strong></span> <span class='ocrx_word' id='word_1_146' title='bbox 578 1456 636 1508; x_wconf 85' lang='grc' dir='ltr'><strong><em>ὠς</em></strong></span> <span class='ocrx_word' id='word_1_147' title='bbox 667 1456 792 1508; x_wconf 84' lang='grc' dir='ltr'><strong><em>ὑετὸς</em></strong></span> <span class='ocrx_word' id='word_1_148' title='bbox 820 1456 870 1503; x_wconf 86' lang='grc' dir='ltr'><strong><em>τὸ</em></strong></span> <span class='ocrx_word' id='word_1_149' title='bbox 901 1456 1195 1518; x_wconf 68' lang='grc' dir='ltr'><strong><em>ἀπόφθεγμα</em></strong></span> <span class='ocrx_word' id='word_1_150' title='bbox 1223 1476 1339 1515; x_wconf 84' lang='grc' dir='ltr'><strong><em>μου,</em></strong></span> <span class='ocrx_word' id='word_1_151' title='bbox 1382 1461 1460 1504; x_wconf 85' lang='grc' dir='ltr'><strong><em>καὶ</em></strong></span> 
     </span>
     <span class='ocr_line' id='line_1_19' title="bbox 31 1531 1459 1597; baseline 0.003 -18"><span class='ocrx_word' id='word_1_152' title='bbox 31 1531 266 1591; x_wconf 81' lang='grc' dir='ltr'><strong><em>καταβήτω</em></strong></span> <span class='ocrx_word' id='word_1_153' title='bbox 298 1532 357 1585; x_wconf 81' lang='grc' dir='ltr'><strong><em>ὠς</em></strong></span> <span class='ocrx_word' id='word_1_154' title='bbox 386 1533 552 1596; x_wconf 73' lang='grc' dir='ltr'><strong><em>δρόσος</em></strong></span> <span class='ocrx_word' id='word_1_155' title='bbox 580 1534 634 1580; x_wconf 77' lang='grc' dir='ltr'><strong><em>τὰ</em></strong></span> <span class='ocrx_word' id='word_1_156' title='bbox 666 1533 845 1597; x_wconf 75' lang='grc' dir='ltr'><strong><em>ῥήματά</em></strong></span> <span class='ocrx_word' id='word_1_157' title='bbox 874 1536 1013 1594; x_wconf 80' lang='grc' dir='ltr'><strong><em>μου.“</em></strong></span> <span class='ocrx_word' id='word_1_158' title='bbox 1078 1534 1155 1586; x_wconf 82' lang='grc' dir='ltr'><strong><em>Ὡς</em></strong></span> <span class='ocrx_word' id='word_1_159' title='bbox 1185 1540 1351 1596; x_wconf 86' lang='grc' dir='ltr'><strong><em>νεφέλη</em></strong></span> <span class='ocrx_word' id='word_1_160' title='bbox 1382 1540 1459 1583; x_wconf 86' lang='grc' dir='ltr'><strong><em>λε’-</em></strong></span> 
     </span>
     <span class='ocr_line' id='line_1_20' title="bbox 25 1609 1460 1674; baseline 0.003 -18"><span class='ocrx_word' id='word_1_161' title='bbox 25 1628 119 1670; x_wconf 84' lang='grc' dir='ltr'><strong><em>γει·</em></strong></span> <span class='ocrx_word' id='word_1_162' title='bbox 163 1611 307 1670; x_wconf 84' lang='grc' dir='ltr'><strong><em>,,ὠσεὶ</em></strong></span> <span class='ocrx_word' id='word_1_163' title='bbox 323 1612 364 1669; x_wconf 90' lang='lat'><strong><em>⁷)</em></strong></span> <span class='ocrx_word' id='word_1_164' title='bbox 397 1609 566 1672; x_wconf 81' lang='grc' dir='ltr'><strong><em>ὄμβρος</em></strong></span> <span class='ocrx_word' id='word_1_165' title='bbox 605 1613 671 1659; x_wconf 71' lang='grc' dir='ltr'><strong><em>ἐπ’</em></strong></span> <span class='ocrx_word' id='word_1_166' title='bbox 717 1609 968 1674; x_wconf 62' lang='grc' dir='ltr'><strong><em>ἄγρωστιν,</em></strong></span> <span class='ocrx_word' id='word_1_167' title='bbox 1016 1617 1093 1658; x_wconf 87' lang='grc' dir='ltr'><strong><em>καὶ</em></strong></span> <span class='ocrx_word' id='word_1_168' title='bbox 1131 1612 1239 1660; x_wconf 77' lang='grc' dir='ltr'><strong><em>ώσεὶ</em></strong></span> <span class='ocrx_word' id='word_1_169' title='bbox 1279 1614 1460 1673; x_wconf 87' lang='grc' dir='ltr'><strong><em>νιφετὸς</em></strong></span> 
     </span>
     <span class='ocr_line' id='line_1_21' title="bbox 30 1686 1460 1752; baseline 0.001 -17"><span class='ocrx_word' id='word_1_170' title='bbox 30 1690 107 1735; x_wconf 73' lang='grc' dir='ltr'><strong><em>ἐπὶ</em></strong></span> <span class='ocrx_word' id='word_1_171' title='bbox 139 1688 331 1752; x_wconf 80' lang='grc' dir='ltr'><strong><em>χόρτον·</em></strong></span> <span class='ocrx_word' id='word_1_172' title='bbox 380 1688 448 1735; x_wconf 80' lang='grc' dir='ltr'><strong><em>ὅτι</em></strong></span> <span class='ocrx_word' id='word_1_173' title='bbox 491 1686 641 1748; x_wconf 73' lang='grc' dir='ltr'><strong><em>’ὄνομα</em></strong></span> <span class='ocrx_word' id='word_1_174' title='bbox 681 1695 840 1751; x_wconf 82' lang='grc' dir='ltr'><strong><em>κυρίου</em></strong></span> <span class='ocrx_word' id='word_1_175' title='bbox 881 1690 1126 1738; x_wconf 76' lang='grc' dir='ltr'><strong><em>ἕκάλεστι.“</em></strong></span> <span class='ocrx_word' id='word_1_176' title='bbox 1211 1690 1362 1741; x_wconf 78' lang='grc' dir='ltr'><strong><em>Οὕτως</em></strong></span> <span class='ocrx_word' id='word_1_177' title='bbox 1402 1690 1460 1742; x_wconf 77' lang='grc' dir='ltr'><strong><em>ὡς</em></strong></span> 
     </span>
     <span class='ocr_line' id='line_1_22' title="bbox 30 1764 1460 1827; baseline 0.002 -14"><span class='ocrx_word' id='word_1_178' title='bbox 30 1772 198 1827; x_wconf 87' lang='grc' dir='ltr'><strong><em>νεφέλη</em></strong></span> <span class='ocrx_word' id='word_1_179' title='bbox 229 1771 307 1812; x_wconf 88' lang='grc' dir='ltr'><strong><em>καὶ</em></strong></span> <span class='ocrx_word' id='word_1_180' title='bbox 331 1767 518 1817; x_wconf 72' lang='grc' dir='ltr'><strong><em>Ἡσαΐας</em></strong></span> <span class='ocrx_word' id='word_1_181' title='bbox 548 1771 694 1827; x_wconf 80' lang='grc' dir='ltr'><strong><em>λέγει·</em></strong></span> <span class='ocrx_word' id='word_1_182' title='bbox 726 1764 902 1826; x_wconf 73' lang='grc' dir='ltr'><strong><em>,,ἕίκουε</em></strong></span> <span class='ocrx_word' id='word_1_183' title='bbox 918 1769 962 1827; x_wconf 81' lang='lat'><strong><em>⁸)</em></strong></span> <span class='ocrx_word' id='word_1_184' title='bbox 1005 1769 1195 1827; x_wconf 83' lang='grc' dir='ltr'><strong><em>οὐρανὲ,</em></strong></span> <span class='ocrx_word' id='word_1_185' title='bbox 1236 1773 1313 1815; x_wconf 82' lang='grc' dir='ltr'><strong><em>καὶ</em></strong></span> <span class='ocrx_word' id='word_1_186' title='bbox 1345 1771 1460 1816; x_wconf 46' lang='grc' dir='ltr'><strong><em>ιένωἵ</em></strong></span> 
     </span>
     <span class='ocr_line' id='line_1_23' title="bbox 32 1843 1458 1908; baseline 0.001 -18"><span class='ocrx_word' id='word_1_187' title='bbox 32 1850 151 1899; x_wconf 86' lang='grc' dir='ltr'><strong><em>τίζου</em></strong></span> <span class='ocrx_word' id='word_1_188' title='bbox 180 1848 255 1903; x_wconf 86' lang='grc' dir='ltr'><strong><em>γῆ,</em></strong></span> <span class='ocrx_word' id='word_1_189' title='bbox 291 1843 359 1891; x_wconf 84' lang='grc' dir='ltr'><strong><em>ὅτι</em></strong></span> <span class='ocrx_word' id='word_1_190' title='bbox 391 1844 545 1906; x_wconf 84' lang='grc' dir='ltr'><strong><em>κύριος</em></strong></span> <span class='ocrx_word' id='word_1_191' title='bbox 575 1845 814 1903; x_wconf 74' lang='grc' dir='ltr'><strong><em>ἒλοέλησε.“</em></strong></span> <span class='ocrx_word' id='word_1_192' title='bbox 873 1849 967 1891; x_wconf 83' lang='grc' dir='ltr'><strong><em>Καὶ</em></strong></span> <span class='ocrx_word' id='word_1_193' title='bbox 989 1847 1236 1908; x_wconf 75' lang='grc' dir='ltr'><strong><em>ἐπειδήπερ</em></strong></span> <span class='ocrx_word' id='word_1_194' title='bbox 1266 1851 1343 1894; x_wconf 85' lang='grc' dir='ltr'><strong><em>καὶ</em></strong></span> <span class='ocrx_word' id='word_1_195' title='bbox 1373 1849 1458 1893; x_wconf 79' lang='grc' dir='ltr'><strong><em>αὖ-</em></strong></span> 
     </span>
     <span class='ocr_line' id='line_1_24' title="bbox 31 1916 1459 1988; baseline 0.003 -19"><span class='ocrx_word' id='word_1_196' title='bbox 31 1923 104 1974; x_wconf 85' lang='grc' dir='ltr'><strong><em>τός</em></strong></span> <span class='ocrx_word' id='word_1_197' title='bbox 135 1916 191 1980; x_wconf 81' lang='grc' dir='ltr'><strong><em>ἦν</em></strong></span> <span class='ocrx_word' id='word_1_198' title='bbox 221 1927 403 1983; x_wconf 84' lang='grc' dir='ltr'><strong><em>νεφέλη,</em></strong></span> <span class='ocrx_word' id='word_1_199' title='bbox 435 1925 560 1983; x_wconf 76' lang='grc' dir='ltr'><strong><em>ἔλεγε</em></strong></span> <span class='ocrx_word' id='word_1_200' title='bbox 591 1925 643 1970; x_wconf 72' lang='grc' dir='ltr'><strong><em>δὲ</em></strong></span> <span class='ocrx_word' id='word_1_201' title='bbox 674 1928 866 1984; x_wconf 85' lang='grc' dir='ltr'><strong><em>νεφέλας</em></strong></span> <span class='ocrx_word' id='word_1_202' title='bbox 907 1924 1011 1977; x_wconf 87' lang='grc' dir='ltr'><strong><em>τοὺς</em></strong></span> <span class='ocrx_word' id='word_1_203' title='bbox 1041 1925 1459 1988; x_wconf 33' lang='grc' dir='ltr'><strong><em>συμπροφητεύονή</em></strong></span> 
     </span>
     <span class='ocr_line' id='line_1_25' title="bbox 31 2001 1456 2065; baseline 0 -17"><span class='ocrx_word' id='word_1_204' title='bbox 31 2019 106 2053; x_wconf 85' lang='grc' dir='ltr'><strong><em>τας</em></strong></span> <span class='ocrx_word' id='word_1_205' title='bbox 136 2001 285 2047; x_wconf 87' lang='grc' dir='ltr'><strong><em>αὐτῶν</em></strong></span> <span class='ocrx_word' id='word_1_206' title='bbox 299 2002 357 2059; x_wconf 81' lang='lat'><strong><em>⁹),</em></strong></span> <span class='ocrx_word' id='word_1_207' title='bbox 391 2006 470 2046; x_wconf 85' lang='grc' dir='ltr'><strong><em>καί</em></strong></span> <span class='ocrx_word' id='word_1_208' title='bbox 497 2015 609 2061; x_wconf 84' lang='grc' dir='ltr'><strong><em>φησι</em></strong></span> <span class='ocrx_word' id='word_1_209' title='bbox 640 2001 967 2063; x_wconf 81' lang='grc' dir='ltr'><strong><em>προφητεύων·</em></strong></span> <span class='ocrx_word' id='word_1_210' title='bbox 999 2006 1215 2062; x_wconf 61' lang='lat' dir='ltr'><strong><em>„wls-¹⁰)</em></strong></span> <span class='ocrx_word' id='word_1_211' title='bbox 1245 2009 1456 2065; x_wconf 85' lang='grc' dir='ltr'><strong><em>νεφέλαις</em></strong></span> 
     </span>
     <span class='ocr_line' id='line_1_26' title="bbox 29 2078 1180 2140; baseline -0.001 -13"><span class='ocrx_word' id='word_1_212' title='bbox 29 2081 311 2137; x_wconf 75' lang='grc' dir='ltr'><strong><em>ἓντελοῦμαι,</em></strong></span> <span class='ocrx_word' id='word_1_213' title='bbox 342 2082 422 2125; x_wconf 83' lang='grc' dir='ltr'><strong><em>τοῦ</em></strong></span> <span class='ocrx_word' id='word_1_214' title='bbox 453 2078 518 2138; x_wconf 85' lang='grc' dir='ltr'><strong><em>μὴ</em></strong></span> <span class='ocrx_word' id='word_1_215' title='bbox 548 2081 702 2140; x_wconf 82' lang='grc' dir='ltr'><strong><em>βρέξαι</em></strong></span> <span class='ocrx_word' id='word_1_216' title='bbox 733 2082 795 2130; x_wconf 80' lang='grc' dir='ltr'><strong><em>εἰς</em></strong></span> <span class='ocrx_word' id='word_1_217' title='bbox 825 2080 966 2127; x_wconf 83' lang='grc' dir='ltr'><strong><em>αὑτὸν</em></strong></span> <span class='ocrx_word' id='word_1_218' title='bbox 996 2080 1180 2129; x_wconf 82' lang='grc' dir='ltr'><strong><em>ὑετόν.“</em></strong></span> 
     </span>
    </p>
   </div>
   <div class='ocr_carea' id='block_1_3' title="bbox 117 2196 346 2203">
    <p class='ocr_par' dir='ltr' id='par_1_3' title="bbox 117 2196 346 2203">
     <span class='ocr_line' id='line_1_27' title="bbox 117 2196 346 2203; baseline 0 0"><span class='ocrx_word' id='word_1_219' title='bbox 117 2196 346 2203; x_wconf 95' lang='lat' dir='ltr'><strong><em> </em></strong></span> 
     </span>
    </p>
   </div>
   <div class='ocr_carea' id='block_1_4' title="bbox 150 2271 497 2329">
    <p class='ocr_par' dir='ltr' id='par_1_4' title="bbox 150 2271 497 2329">
     <span class='ocr_line' id='line_1_28' title="bbox 150 2271 497 2329; baseline 0.003 -16"><span class='ocrx_word' id='word_1_220' title='bbox 150 2271 191 2329; x_wconf 92' lang='lat'><strong><em>¹)</em></strong></span> <span class='ocrx_word' id='word_1_221' title='bbox 220 2272 344 2316; x_wconf 81' lang='lat' dir='ltr'><strong>Jesai.</strong></span> <span class='ocrx_word' id='word_1_222' title='bbox 375 2273 427 2325; x_wconf 89' lang='lat' dir='ltr'><strong><em>V,</em></strong></span> <span class='ocrx_word' id='word_1_223' title='bbox 458 2271 497 2317; x_wconf 87' lang='lat'><strong><em>6.</em></strong></span> 
     </span>
    </p>
   </div>
   <div class='ocr_carea' id='block_1_5' title="bbox 32 2341 1452 2515">
    <p class='ocr_par' dir='ltr' id='par_1_5' title="bbox 32 2341 1452 2515">
     <span class='ocr_line' id='line_1_29' title="bbox 147 2341 1452 2400; baseline 0.004 -17"><span class='ocrx_word' id='word_1_224' title='bbox 147 2342 190 2397; x_wconf 86' lang='lat'><strong><em>²)</em></strong></span> <span class='ocrx_word' id='word_1_225' title='bbox 222 2342 275 2384; x_wconf 89' lang='lat' dir='ltr'><strong><em>H.</em></strong></span> <span class='ocrx_word' id='word_1_226' title='bbox 308 2355 350 2384; x_wconf 84' lang='lat' dir='ltr'><strong><em>et</em></strong></span> <span class='ocrx_word' id='word_1_227' title='bbox 375 2344 427 2388; x_wconf 81' lang='lat' dir='ltr'><strong><em>R.</em></strong></span> <span class='ocrx_word' id='word_1_228' title='bbox 457 2343 501 2385; x_wconf 86' lang='lat' dir='ltr'><strong><em>in</em></strong></span> <span class='ocrx_word' id='word_1_229' title='bbox 531 2355 670 2386; x_wconf 85' lang='lat' dir='ltr'><strong>textu:</strong></span> <span class='ocrx_word' id='word_1_230' title='bbox 700 2341 845 2395; x_wconf 66' lang='lat' dir='ltr'><strong><em>„emec</em></strong></span> <span class='ocrx_word' id='word_1_231' title='bbox 873 2349 999 2400; x_wconf 85' lang='grc' dir='ltr'><strong><em>του,“</em></strong></span> <span class='ocrx_word' id='word_1_232' title='bbox 1029 2344 1083 2387; x_wconf 88' lang='grc' dir='ltr'><strong><em>Η.</em></strong></span> <span class='ocrx_word' id='word_1_233' title='bbox 1107 2355 1248 2387; x_wconf 80' lang='lat' dir='ltr'><strong>tamen</strong></span> <span class='ocrx_word' id='word_1_234' title='bbox 1269 2345 1321 2387; x_wconf 82' lang='lat' dir='ltr'><strong><em>ad</em></strong></span> <span class='ocrx_word' id='word_1_235' title='bbox 1344 2360 1452 2388; x_wconf 82' lang='lat' dir='ltr'>mar-</span> 
     </span>
     <span class='ocr_line' id='line_1_30' title="bbox 32 2398 1451 2457; baseline 0.001 -14"><span class='ocrx_word' id='word_1_236' title='bbox 32 2400 191 2455; x_wconf 80' lang='lat' dir='ltr'><strong>ginem:</strong></span> <span class='ocrx_word' id='word_1_237' title='bbox 223 2398 406 2449; x_wconf 79' lang='lat' dir='ltr'>„scribez</span> <span class='ocrx_word' id='word_1_238' title='bbox 438 2398 550 2444; x_wconf 76' lang='grc' dir='ltr'><strong><em>ἀλλά</em></strong></span> <span class='ocrx_word' id='word_1_239' title='bbox 583 2400 747 2456; x_wconf 79' lang='grc' dir='ltr'><strong><em>που,“</em></strong></span> <span class='ocrx_word' id='word_1_240' title='bbox 786 2401 836 2442; x_wconf 86' lang='lat' dir='ltr'><strong><em>R.</em></strong></span> <span class='ocrx_word' id='word_1_241' title='bbox 869 2400 912 2443; x_wconf 87' lang='lat' dir='ltr'><strong><em>in</em></strong></span> <span class='ocrx_word' id='word_1_242' title='bbox 941 2401 1073 2443; x_wconf 82' lang='lat' dir='ltr'><strong>notis:</strong></span> <span class='ocrx_word' id='word_1_243' title='bbox 1105 2402 1359 2457; x_wconf 81' lang='lat' dir='ltr'><strong>„legendum</strong></span> <span class='ocrx_word' id='word_1_244' title='bbox 1391 2402 1451 2445; x_wconf 85' lang='lat' dir='ltr'><strong><em>vi-</em></strong></span> 
     </span>
     <span class='ocr_line' id='line_1_31' title="bbox 33 2454 864 2515; baseline 0.002 -15"><span class='ocrx_word' id='word_1_245' title='bbox 33 2458 176 2500; x_wconf 86' lang='lat' dir='ltr'><strong>detur:</strong></span> <span class='ocrx_word' id='word_1_246' title='bbox 208 2454 322 2500; x_wconf 82' lang='grc' dir='ltr'><strong><em>ἀλλά</em></strong></span> <span class='ocrx_word' id='word_1_247' title='bbox 347 2472 454 2511; x_wconf 87' lang='grc' dir='ltr'><strong><em>που,</em></strong></span> <span class='ocrx_word' id='word_1_248' title='bbox 484 2458 577 2499; x_wconf 88' lang='lat' dir='ltr'>vel:</span> <span class='ocrx_word' id='word_1_249' title='bbox 610 2457 864 2515; x_wconf 78' lang='grc' dir='ltr'><strong><em>ἀλλαχοῦ.“</em></strong></span> 
     </span>
    </p>
   </div>
   <div class='ocr_carea' id='block_1_6' title="bbox 148 2526 1173 2795">
    <p class='ocr_par' dir='ltr' id='par_1_6' title="bbox 148 2526 1006 2585">
     <span class='ocr_line' id='line_1_32' title="bbox 148 2526 1006 2585; baseline 0.001 -15"><span class='ocrx_word' id='word_1_250' title='bbox 148 2529 192 2585; x_wconf 81' lang='lat'><strong><em>³)</em></strong></span> <span class='ocrx_word' id='word_1_251' title='bbox 224 2527 311 2570; x_wconf 75' lang='lat' dir='ltr'><strong>cfr.</strong></span> <span class='ocrx_word' id='word_1_252' title='bbox 342 2526 363 2567; x_wconf 87' lang='lat'>1</span> <span class='ocrx_word' id='word_1_253' title='bbox 392 2527 520 2581; x_wconf 81' lang='lat' dir='ltr'><strong>Regg.</strong></span> <span class='ocrx_word' id='word_1_254' title='bbox 549 2528 709 2571; x_wconf 79' lang='lat' dir='ltr'><strong>xvm.</strong></span> <span class='ocrx_word' id='word_1_255' title='bbox 741 2528 824 2585; x_wconf 79' lang='grc' dir='ltr'><strong><em>(ΠΙ</em></strong></span> <span class='ocrx_word' id='word_1_256' title='bbox 854 2528 1006 2585; x_wconf 80' lang='lat' dir='ltr'><strong>Regg.)</strong></span> 
     </span>
    </p>

    <p class='ocr_par' dir='ltr' id='par_1_7' title="bbox 151 2597 1173 2795">
     <span class='ocr_line' id='line_1_33' title="bbox 151 2597 1109 2656; baseline 0.001 -17"><span class='ocrx_word' id='word_1_257' title='bbox 151 2597 193 2653; x_wconf 75' lang='lat'><strong><em>⁴)</em></strong></span> <span class='ocrx_word' id='word_1_258' title='bbox 228 2597 313 2640; x_wconf 74' lang='lat' dir='ltr'><strong>cfr.</strong></span> <span class='ocrx_word' id='word_1_259' title='bbox 346 2597 366 2638; x_wconf 91' lang='lat'>1</span> <span class='ocrx_word' id='word_1_260' title='bbox 395 2597 522 2651; x_wconf 79' lang='lat' dir='ltr'><strong>Regg.</strong></span> <span class='ocrx_word' id='word_1_261' title='bbox 552 2598 713 2649; x_wconf 82' lang='lat' dir='ltr'>xvm,</span> <span class='ocrx_word' id='word_1_262' title='bbox 743 2598 809 2641; x_wconf 80' lang='lat'><strong><em>44.</em></strong></span> <span class='ocrx_word' id='word_1_263' title='bbox 841 2598 928 2655; x_wconf 90' lang='lat'>(111</span> <span class='ocrx_word' id='word_1_264' title='bbox 957 2599 1109 2656; x_wconf 80' lang='lat' dir='ltr'><strong><em>Regg.)</em></strong></span> 
     </span>
     <span class='ocr_line' id='line_1_34' title="bbox 151 2666 1173 2725; baseline 0.002 -16"><span class='ocrx_word' id='word_1_265' title='bbox 151 2668 194 2725; x_wconf 86' lang='lat'><strong><em>⁵)</em></strong></span> <span class='ocrx_word' id='word_1_266' title='bbox 222 2666 346 2709; x_wconf 80' lang='lat' dir='ltr'><strong>Jesai.</strong></span> <span class='ocrx_word' id='word_1_267' title='bbox 376 2669 429 2718; x_wconf 88' lang='lat' dir='ltr'><strong><em>V,</em></strong></span> <span class='ocrx_word' id='word_1_268' title='bbox 458 2666 496 2710; x_wconf 89' lang='grc'><strong><em>6.</em></strong></span> <span class='ocrx_word' id='word_1_269' title='bbox 617 2667 660 2724; x_wconf 75' lang='lat'><strong><em>⁶)</em></strong></span> <span class='ocrx_word' id='word_1_270' title='bbox 689 2667 818 2709; x_wconf 85' lang='lat' dir='ltr'><strong>Deut.</strong></span> <span class='ocrx_word' id='word_1_271' title='bbox 849 2667 1034 2721; x_wconf 82' lang='lat' dir='ltr'><strong>XXXII,</strong></span> <span class='ocrx_word' id='word_1_272' title='bbox 1065 2669 1102 2714; x_wconf 94' lang='grc'><strong><em>1.</em></strong></span> <span class='ocrx_word' id='word_1_273' title='bbox 1133 2668 1173 2714; x_wconf 83' lang='grc'><strong><em>2.</em></strong></span> 
     </span>
     <span class='ocr_line' id='line_1_35' title="bbox 152 2736 1157 2795; baseline 0 -15"><span class='ocrx_word' id='word_1_274' title='bbox 152 2738 195 2795; x_wconf 86' lang='lat'><strong><em>⁷)</em></strong></span> <span class='ocrx_word' id='word_1_275' title='bbox 224 2738 353 2780; x_wconf 73' lang='lat' dir='ltr'><strong>Dent.</strong></span> <span class='ocrx_word' id='word_1_276' title='bbox 383 2737 568 2788; x_wconf 75' lang='lat' dir='ltr'>xxxn,</span> <span class='ocrx_word' id='word_1_277' title='bbox 596 2737 634 2780; x_wconf 86' lang='lat'><strong><em>2.</em></strong></span> <span class='ocrx_word' id='word_1_278' title='bbox 666 2736 705 2781; x_wconf 87' lang='lat'><strong><em>3.</em></strong></span> <span class='ocrx_word' id='word_1_279' title='bbox 823 2738 867 2794; x_wconf 82' lang='lat'><strong><em>⁸)</em></strong></span> <span class='ocrx_word' id='word_1_280' title='bbox 896 2738 1022 2782; x_wconf 72' lang='lat' dir='ltr'><strong>sesai.</strong></span> <span class='ocrx_word' id='word_1_281' title='bbox 1053 2740 1088 2791; x_wconf 84' lang='grc' dir='ltr'><strong><em>Ι,</em></strong></span> <span class='ocrx_word' id='word_1_282' title='bbox 1117 2739 1157 2783; x_wconf 82' lang='lat'><strong><em>2.</em></strong></span> 
     </span>
    </p>
   </div>
   <div class='ocr_carea' id='block_1_7' title="bbox 42 2805 1451 2921">
    <p class='ocr_par' dir='ltr' id='par_1_8' title="bbox 42 2805 1451 2921">
     <span class='ocr_line' id='line_1_36' title="bbox 151 2805 1451 2865; baseline 0.002 -15"><span class='ocrx_word' id='word_1_283' title='bbox 151 2808 194 2865; x_wconf 80' lang='lat'><strong><em>9)</em></strong></span> <span class='ocrx_word' id='word_1_284' title='bbox 224 2808 278 2850; x_wconf 89' lang='lat' dir='ltr'><strong><em>H.</em></strong></span> <span class='ocrx_word' id='word_1_285' title='bbox 310 2819 352 2849; x_wconf 80' lang='lat' dir='ltr'><strong><em>et</em></strong></span> <span class='ocrx_word' id='word_1_286' title='bbox 379 2809 430 2850; x_wconf 85' lang='lat' dir='ltr'><strong><em>R.</em></strong></span> <span class='ocrx_word' id='word_1_287' title='bbox 462 2807 506 2850; x_wconf 89' lang='lat' dir='ltr'><strong><em>in</em></strong></span> <span class='ocrx_word' id='word_1_288' title='bbox 534 2819 670 2850; x_wconf 83' lang='lat' dir='ltr'><strong>textu:</strong></span> <span class='ocrx_word' id='word_1_289' title='bbox 709 2805 952 2864; x_wconf 83' lang='grc' dir='ltr'><strong><em>,,αὐτῶν,“</em></strong></span> <span class='ocrx_word' id='word_1_290' title='bbox 993 2811 1045 2853; x_wconf 89' lang='lat' dir='ltr'><strong><em>R.</em></strong></span> <span class='ocrx_word' id='word_1_291' title='bbox 1075 2821 1215 2853; x_wconf 85' lang='lat' dir='ltr'><strong>tamen</strong></span> <span class='ocrx_word' id='word_1_292' title='bbox 1246 2808 1288 2851; x_wconf 87' lang='lat' dir='ltr'><strong><em>in</em></strong></span> <span class='ocrx_word' id='word_1_293' title='bbox 1318 2809 1451 2852; x_wconf 81' lang='lat' dir='ltr'><strong>notis:</strong></span> 
     </span>
     <span class='ocr_line' id='line_1_37' title="bbox 42 2864 1119 2921; baseline 0.003 -14"><span class='ocrx_word' id='word_1_294' title='bbox 42 2864 355 2917; x_wconf 62' lang='lat' dir='ltr'><strong>„scribendum</strong></span> <span class='ocrx_word' id='word_1_295' title='bbox 388 2864 556 2921; x_wconf 81' lang='grc' dir='ltr'><strong><em>αὐτῷ.“</em></strong></span> <span class='ocrx_word' id='word_1_296' title='bbox 744 2864 813 2920; x_wconf 90' lang='lat'><strong><em>¹⁰)</em></strong></span> <span class='ocrx_word' id='word_1_297' title='bbox 843 2864 966 2909; x_wconf 78' lang='lat' dir='ltr'><strong>Jesai.</strong></span> <span class='ocrx_word' id='word_1_298' title='bbox 997 2866 1049 2918; x_wconf 85' lang='lat' dir='ltr'><strong><em>V,</em></strong></span> <span class='ocrx_word' id='word_1_299' title='bbox 1079 2866 1119 2910; x_wconf 87' lang='lat'><strong><em>6.</em></strong></span> 
     </span>
    </p>
   </div>
  </div>
 </body>
</html>
