1734 3112
221 80 275 124 62
515 79 736 122 Omenms
767 91 812 121 m
843 77 1023 121 CANrm.
1057 77 1360 124 CAN‘ricORUM

222 192 376 234 faciem
406 191 545 235 videat
577 211 685 235 eum,
746 196 865 235 hunc
897 192 1031 244 enim,
1070 194 1166 249 quia
1196 195 1386 235 nondum
1416 206 1557 251 potest
1587 196 1645 238 ita

223 288 320 313 eum
351 271 518 323 intueri,
547 285 774 329 propterea
803 288 887 312 non
919 283 1036 320 ante,
1063 272 1135 311 sed
1165 283 1277 313 retro
1310 273 1348 313 ei
1384 284 1425 313 et
1454 285 1551 330 post
1573 291 1645 331 pa—

223 351 372 392 rietem
402 362 495 392 stet.
558 350 769 392 Incumbit
800 361 938 391 autem
971 365 1048 405 per
1077 349 1290 401 fenestras,
1321 367 1427 407 quae
1457 351 1545 393 sine
1569 352 1645 393 du-

222 428 295 471 hio
326 429 526 486 patebant
558 429 608 469 ad
641 428 927 483 recipiendum
961 427 1104 467 lumen
1137 428 1188 468 ad
1219 428 1537 470 illuminandam
1569 430 1646 470 do-

223 525 354 550 mum.
414 507 497 548 Per
535 507 605 547 lias
646 523 743 558 ergo
784 521 923 546 sermo
965 504 1049 545 Dei
1089 504 1353 557 incumbens,
1402 519 1442 548 et
1481 507 1646 564 prospi-

225 587 336 629 ciens
368 596 573 642 provocat
614 598 854 635 exsurgere,
893 594 934 622 et
964 583 1013 623 ad
1046 599 1088 623 se
1120 583 1261 624 venire
1292 584 1483 627 animam.
1541 586 1647 626 Pos-

222 682 364 707 sumus
393 675 532 705 autem
573 678 713 703 sensus
756 676 987 717 corporeos
1027 662 1226 704 fenestras
1264 662 1524 718 intelligere,
1571 682 1647 722 per

224 744 383 800 quas¹)
415 753 485 782 aut
526 757 662 791 mors,
705 751 775 780 aut
813 739 896 780 vita
934 738 1061 782 intrat
1096 741 1147 781 ad
1189 740 1391 796 animam3
1434 742 1493 783 sic
1533 742 1645 785 enim

224 821 410 874 designat
440 818 674 861 Hieremias
704 817 935 875 propheta,
975 834 1070 859 cum
1102 819 1153 859 de
1185 820 1478 876 peccatoribus
1510 821 1647 879 loqui-

224 911 303 949 tur,
343 899 507 940 dicens:
554 896 807 948 „adscendit
830 896 873 952 2)
920 912 1034 937 mors
1070 912 1146 952 per
1194 898 1393 941 fenestras
1442 907 1645 942 vestras.“

226 977 461 1032 Quomodo
495 975 712 1018 adscendit
750 991 864 1016 mors
904 991 981 1031 per
1019 975 1250 1017 fenestras?
1309 975 1356 1018 Si
1397 979 1511 1019 oculi
1548 995 1646 1035 pec-

225 1054 375 1096 catoris
406 1053 632 1111 videant³)
663 1053 908 1103 mulierem,
947 1064 987 1093 et
1014 1053 1290 1094 moechentur
1322 1071 1413 1096 eam
1444 1057 1485 1097 in
1518 1057 1644 1098 corde

223 1150 322 1183 suo,
363 1132 421 1173 sic
451 1147 566 1173 mors
609 1132 789 1187 ingressa
820 1143 881 1173 est
908 1131 961 1171 ad
992 1131 1174 1174 animam
1204 1149 1282 1188 per
1311 1134 1513 1176 fenestras
1545 1139 1645 1176 ocu-

225 1212 377 1256 lorum,
440 1211 525 1252 Sed
558 1223 598 1253 et
629 1228 725 1253 cum
756 1209 909 1266 recipit
938 1208 1030 1265 quis
1060 1209 1249 1251 auditum
1275 1226 1439 1262 vanum,
1471 1223 1511 1253 et
1528 1229 1648 1270 prae-

225 1288 346 1345 cipue
385 1289 515 1330 Ialsae
556 1289 753 1331 scientiae
794 1288 1038 1342 dogmatum
1076 1303 1392 1344 perversorum:
1439 1302 1538 1332 tunc
1570 1307 1648 1348 per

224 1367 388 1408 aurium
419 1368 620 1408 fenestras
654 1381 769 1406 mors
798 1364 924 1405 intrat
964 1365 1017 1406 ad
1047 1365 1241 1408 animam.
1302 1367 1349 1409 Si
1383 1384 1481 1409 vero
1511 1369 1647 1411 anima

222 1446 386 1487 intuens
427 1444 719 1487 ornament'um
757 1441 926 1493 mundi,
974 1454 1015 1483 et
1053 1459 1100 1484 ex
1139 1443 1456 1499 pulchritudine
1487 1459 1648 1490 creatu-

222 1540 362 1565 rarum
394 1524 662 1565 conditorem
694 1521 884 1564 omnium
915 1521 1122 1574 intelligat
1147 1521 1304 1573 Deum,
1336 1535 1377 1564 et
1402 1540 1531 1580 opera
1561 1524 1647 1583 ejus

223 1603 420 1652 miretur,
467 1602 691 1657 laudetque
731 1616 911 1656 operum
953 1610 1209 1651 creatorem,
1251 1601 1304 1642 ad
1332 1601 1515 1644 animam
1544 1604 1648 1646 hane

223 1679 309 1720 vita
339 1679 571 1732 ingreditur
600 1694 678 1734 per
708 1679 908 1719 fenestras
941 1678 1180 1721 oculorum.
1241 1680 1327 1721 Sed
1367 1692 1408 1722 et
1449 1697 1542 1722 cum
1576 1698 1648 1723 aua

217 1756 359 1798 ‘ditum
391 1755 565 1797 inclinat
596 1755 649 1796 ad
680 1756 855 1795 verbum
885 1755 981 1806 Dei,
1013 1768 1054 1796 et
1084 1755 1315 1799 rationibus
1344 1759 1571 1816 sapientiae
1601 1776 1647 1802 ac

223 1834 421 1876 scientiae
459 1831 547 1891 ejus
595 1832 850 1882 delectatur,
897 1832 993 1873 huic
1028 1848 1107 1889 per
1151 1834 1315 1875 aurium
1356 1838 1558 1880 fenestras
1595 1839 1646 1880 ad

223 1913 405 1954 animam
435 1906 663 1968 sapientiae
693 1910 833 1949 lumen
867 1908 1111 1962 ingreditur.
1173 1911 1257 1952 Per
1286 1913 1356 1954 has
1396 1931 1493 1968 ergo
1532 1917 1647 1957 fene-

224 2002 326 2033 stras
365 1989 627 2047 prospiciens
678 1988 853 2028 verbum
891 1986 996 2038 Dei,
1043 1999 1083 2029 et
1121 2001 1396 2046 prospectum
1434 2009 1553 2034 suum
1595 1995 1648 2036 ad

223 2085 420 2127 sponsam
449 2067 631 2109 animam
663 2065 867 2117 dirigens,
898 2081 1110 2118 assurgere
1141 2065 1333 2109 hortatur
1362 2084 1473 2120 eam,
1506 2081 1547 2111 et
1579 2087 1647 2111 vc-

224 2147 313 2189 nire
344 2147 397 2188 ad
425 2163 492 2198 sc,
522 2146 564 2188 id
598 2157 682 2195 est,
713 2159 919 2198 corporea
950 2155 991 2185 et
1022 2142 1201 2186 visibilia
1230 2145 1491 2202 relinquere,
1524 2158 1565 2188 et
1594 2148 1647 2189 ad

224 2224 478 2282 incorporea
519 2236 560 2266 et
599 2220 825 2264 invisibilia
856 2237 902 2262 ac
931 2221 1165 2277 spiritualia
1194 2239 1437 2280 properare.
1497 2224 1647 2279 Quon-

225 2303 309 2345 iam
347 2319 490 2361 „quae
507 2302 548 2360 ⁴)
581 2301 788 2349 videntur,
819 2299 1070 2355 temporalia
1098 2312 1216 2352 sunt,
1258 2317 1364 2358 quae
1394 2314 1534 2344 autem
1559 2319 1645 2345 non

225 2382 442 2434 videntur,
485 2392 652 2423 aeterna
690 2383 834 2420 sunt.“
903 2376 975 2418 Sic
1015 2388 1055 2418 et
1093 2377 1263 2434 spiritus
1299 2379 1385 2420 Dei
1424 2380 1645 2422 circumire

226 2459 403 2510 dicitur,
435 2472 477 2501 et
506 2474 705 2516 quaerere
736 2455 878 2508 dignas
908 2453 1086 2504 animas,
1124 2471 1228 2510 quae
1259 2467 1355 2512 apte
1374 2457 1415 2511 5)
1447 2468 1644 2513 recteque

226 2537 318 2580 fieri
347 2536 509 2596 possint
536 2536 587 2578 ad
619 2532 903 2576 habitaculum
932 2531 1171 2588 sapientiae.
1235 2533 1367 2589 Quod
1399 2546 1538 2577 autem
1567 2551 1645 2592 per

347 2706 387 2764 ¹)
414 2705 524 2747 Edd.
555 2705 617 2748 M.
649 2709 841 2761 „quos.“
957 2704 1001 2760 2)
1030 2704 1187 2747 Jerem.
1217 2703 1302 2755 IX,
1332 2703 1400 2748 21.

344 2777 387 2832 ³)
418 2775 506 2818 Cfr.
535 2775 685 2817 Matth.
716 2775 766 2825 V,
796 2772 863 2818 28.
983 2773 1026 2831 ⁴)
1058 2774 1144 2817 Cfr.
1176 2774 1218 2816 II
1237 2773 1335 2817 Cor.
1365 2774 1438 2825 IV,
1470 2773 1534 2819 18.

346 2847 386 2904 ⁵)
418 2846 528 2889 Edd.
559 2847 619 2890 Μ.
652 2857 808 2903 „aptae
840 2856 1062 2900 rectaeque
1075 2851 1100 2870 ‘⁴
1131 2856 1208 2886 etc.
