1734 3112
247 97 302 142 96
567 99 727 140 SERms
767 98 963 139 Paoco1>.
1003 79 1347 139 Excmbronum

246 208 689 270 ταπεινοφροσύνην.
765 211 904 264 Χείλη
923 209 963 265 ¹)
994 210 1045 253 δὲ
1077 211 1121 252 οἱ
1150 206 1443 253 διδάσκαλοι·
1475 210 1552 251 καὶ
1582 225 1664 263 κη-

249 294 323 348 ρία
352 292 553 346 μέλιτος,
597 285 729 345 λόγοι
768 291 913 331 καλοί.
984 284 1274 343 Εἰργάσαντο
1313 287 1362 330 δὲ
1402 290 1560 344 κηρίον
1589 288 1665 328 καὶ

243 370 347 426 μέλι
377 369 610 424 προφῆται
641 369 718 408 καὶ
749 363 1013 408 ἀπόστολοι.

358 445 541 500 ,,Καὶ2)
583 441 700 501 ὀσμὴ
740 445 936 498 ἱματίων
977 457 1083 495 σου,
1137 439 1196 490 ῶς
1234 439 1354 501 ὀσμὴ
1401 437 1664 496 Λιβάνου.“

233 519 412 580 ’Ήγουν
445 519 727 577 κεκόσμησαι
754 522 997 577 θεολογίας
1025 522 1246 562 πνέουσιν
1276 521 1493 575 ἱματίοις·
1536 519 1662 562 ἐπεί,

241 616 328 656 περ
349 598 400 643 ού
423 595 666 656 μονοειδής
684 601 748 646 τίς
770 598 906 651 ἐστιν,
940 595 1047 640 οὐδὲ
1076 593 1366 653 μονότροπος
1386 594 1410 651 ἡ
1439 595 1529 639 κατ’
1556 595 1664 654 ἀρε-

241 675 322 732 τὴν
352 680 578 721 πολιτεία·
618 674 708 718 ἀλλ’
744 672 896 732 ὥσπερ
927 674 1003 717 ἐπὶ
1032 677 1108 728 τῆς
1138 676 1229 717 τῶν
1259 671 1548 730 ὑφασμάτων
1577 690 1664 716 κα-

238 757 456 809 τασκευῆς
484 751 561 797 διὰ
590 755 775 796 πολλῶν
803 748 1018 807 νημάτων
1046 750 1072 807 ἡ
1105 748 1332 809 ὑφαντικὴ
1361 750 1552 806 τέχνη3)
1582 746 1665 803 τὴν
1719 767 1734 773 -

241 831 411 886 ἐσθῆτα
440 835 584 874 ποιεῖ·
626 828 741 874 οὕτω
782 833 859 873 καὶ
898 830 974 872 ἐπὶ
1013 831 1088 883 τῆς
1126 829 1336 887 ἐναρέτου
1376 830 1485 883 ζωῆς
1513 824 1661 870 πολλὰ

235 905 324 963 χρὴ
365 910 677 967 συνδραμεῖν,
725 905 779 951 δι’
821 897 887 951 ῶν
926 905 949 950 ὁ
993 905 1168 955 ἀστεῖος
1215 908 1505 964 ε’ξυφαίνεται
1540 909 1659 960 βίος·

241 982 358 1042 ἅπερ
377 988 454 1028 καὶ
474 984 803 1044 ἀπαριθμεῖται
834 983 857 1028 ὁ
888 990 1013 1034 θεῖος
1041 982 1309 1039 ἀπόστολος,
1333 982 1487 1040 χαρὰν
1502 980 1560 1039 4),
1593 985 1660 1026 εἰ-

240 1060 402 1120 ρήνην,
445 1067 799 1120 μακροθυμίαν,
842 1064 920 1104 καὶ
955 1061 1008 1106 τά
1048 1065 1246 1106 τοιαῦτα.
1321 1059 1496 1105 Τούτου
1519 1057 1661 1116 χάριν

237 1138 512 1196 ἀποδέχεται
553 1137 632 1183 τὸν
669 1140 720 1183 ἐν
761 1140 918 1193 ἐσθῆτι
946 1139 1126 1197 κόσμον
1154 1143 1229 1194 τῆς
1261 1137 1471 1197 νύμφης,
1511 1135 1570 1186 ὠς
1598 1139 1660 1193 τῷ

237 1215 431 1273 Λιβάνῳ
462 1215 574 1260 κατὰ
611 1215 694 1271 τὴν
732 1215 881 1274 ὀσμὴν
921 1214 1254 1276 ὁμοιούμενον,
1285 1222 1366 1260 καί
1392 1228 1557 1273 ᾳησιν·
1592 1212 1660 1258 ὅτι

237 1298 327 1349 σοὶ,
360 1286 394 1337 ὦ
428 1292 610 1350 νύμφη,
650 1296 741 1336 τῶν
782 1293 955 1349 ἀρετῶν
992 1294 1017 1349 ἡ
1057 1293 1272 1352 περιβολὴ
1302 1295 1383 1349 τὴν
1413 1298 1547 1337 θείαν
1574 1309 1657 1351 μι-

237 1377 388 1427 μεῖται
416 1368 750 1430 μακαριότητα,
790 1370 867 1414 διὰ
907 1370 1214 1430 καθαρότητος
1244 1377 1320 1415 καὶ
1352 1372 1578 1418 ἀπαθείας
1608 1371 1658 1429 τῇ

236 1448 470 1507 ἀπροσίτῳ
500 1445 637 1506 φύσει
668 1446 962 1506 ὁμοιουμένη.
1039 1447 1235 1504 Τοιαύτη
1265 1449 1355 1508 γὰρ
1383 1449 1409 1504 ἡ
1441 1451 1534 1493 τῶν
1562 1449 1659 1491 σῶν

234 1528 431 1584 ἱματίων
468 1524 613 1583 ὀσμὴ,
663 1523 722 1575 ὥς
756 1524 870 1584 πρὸς
906 1526 986 1570 τὸν
1022 1531 1235 1582 Λίβανον
1273 1529 1485 1586 ἐμφερῶς
1520 1526 1655 1582 ἔχειν,

234 1605 315 1650 τὸν
345 1605 651 1661 ἀνακείμενον
681 1607 741 1652 εἰς
771 1603 852 1660 τὴν
881 1607 961 1647 τοῦ
991 1608 1103 1649 θεοῦ
1135 1602 1289 1661 τιμήν.

347 1681 598 1738 ,,Κῆπος5)
629 1684 943 1738 κεκλεισμένος
971 1681 997 1735 ἡ
1032 1681 1209 1740 ιῖδελᾳή
1239 1683 1383 1738 ‘nov-‘⁶
1425 1678 1654 1738 Δεύτερον

198 1774 201 1775 ’
232 1758 309 1805 τό·
348 1762 527 1816 ,,κῆπος
564 1761 945 1814 κεκλεισμένος·“
984 1760 1174 1819 ἐρρέθη·
1223 1758 1272 1803 τὸ
1310 1760 1398 1817 μὲν
1428 1760 1505 1803 ἐπὶ
1535 1775 1654 1816 προ-

232 1835 503 1891 κόπτοντος,
544 1833 593 1879 τὸ
634 1835 685 1879 δὲ
726 1836 802 1878 ἐπὶ
837 1838 1031 1879 τελείου·
1073 1834 1145 1881 ὅτε
1176 1836 1225 1880 τό
1253 1836 1533 1894 ἡγεμονικὸν
1566 1835 1654 1880 αὐ-

231 1918 310 1960 τοῦ
351 1906 639 1971 καθοραθέν,
684 1914 735 1972 τῇ
775 1914 851 1967 τῆς
887 1916 1131 1970 θεολογίας
1159 1916 1357 1972 γραφίδι
1386 1913 1652 1959 τετύπωται.

221 1989 287 2036 Ἢ
312 1995 390 2036 καὶ
418 1994 503 2036 νῦν
531 1991 620 2050 μὲν
648 1988 674 2045 ἡ
709 1988 890 2048 νύμφη,
922 1988 1065 2045 κῆπός
1095 1992 1188 2034 ἔστι
1216 1994 1532 2048 κεκλεισμένος
1557 1990 1653 2050 μό-

232 2086 338 2126 νον,
381 2070 432 2113 ἒν
473 2069 524 2113 δὲ
561 2070 623 2124 τῷ
653 2071 864 2123 μέλλοντι
895 2070 1040 2123 αἲῶνι,
1076 2067 1151 2111 διὰ
1182 2068 1263 2123 τὴν
1292 2066 1543 2123 τελειότητα
1572 2073 1652 2113 καὶ

227 2145 278 2192 τὸ
306 2151 514 2203 βέβαιον,
556 2149 634 2189 καὶ
671 2143 857 2202 πηγήθ)
894 2146 1017 2189 ἐστιν
1055 2146 1422 2205 ε’σφραγισμένη·
1453 2146 1652 2204 naum)

227 2223 318 2282 γὰρ
357 2227 419 2280 τῷ
459 2224 609 2281 ἔχοντι
639 2221 906 2278 δοθήσεται,
953 2226 1029 2266 καὶ
1069 2221 1490 2283 περισσευθήσεται.
1547 2227 1651 2269 Νῦν

226 2302 314 2359 μὲν
346 2294 429 2346 οὖν
457 2298 483 2357 ἡ
515 2299 673 2358 γραφὴ
704 2303 854 2355 κῆπον
883 2296 1010 2345 εἶπεν
1041 2299 1216 2351 ἁπλῶς·
1261 2301 1459 2358 ἀλλαχοῦ
1500 2302 1551 2346 δὲ
1589 2301 1649 2352 ῶς

225 2382 332 2436 περὶ
361 2379 528 2438 ἑτέρου,
563 2381 641 2421 καὶ
668 2375 718 2422 τὸ
749 2381 992 2435 λαχανείας
1019 2383 1335 2434 προστίθησιν.

338 2454 656 2515 ,,Ἐξεγέρθητι
670 2455 716 2512 8)
745 2457 946 2516 βοῤῥᾶ.(ί
982 2452 1164 2500 ’Έοικεν
1183 2456 1400 2515 ἐπιτιμᾷν
1428 2455 1454 2512 ἦ
1482 2454 1644 2514 νύμφη
1702 2451 1711 2468 ”

343 2618 382 2673 ¹)
415 2616 501 2658 Cfr.
534 2615 694 2658 Cantic.
724 2617 798 2666 lV,
830 2616 895 2659 11.
1015 2618 1057 2673 ²)
1090 2617 1248 2660 cantic.
1280 2617 1352 2667 IV,
1386 2616 1451 2659 11.

339 2688 382 2743 ³)
411 2688 491 2728 Ed.
523 2688 574 2728 R.
604 2701 850 2741 perperam:
884 2693 1055 2744 τέχνην.
1175 2689 1219 2744 4)
1249 2687 1386 2729 Galat.
1416 2687 1468 2738 V,
1497 2686 1564 2730 22.

341 2759 384 2813 ⁵)
416 2757 575 2803 Cautio,
608 2757 680 2805 IV,
714 2756 778 2799 12.
898 2759 939 2814 6)
973 2758 1133 2802 Cantic.
1164 2760 1238 2810 IV,
1268 2759 1333 2802 12.

343 2827 382 2883 7)
416 2827 501 2870 Csr.
533 2827 684 2868 Matth.
716 2827 838 2877 XIII,
872 2827 933 2869 12.
1054 2831 1098 2885 ⁸)
1130 2829 1289 2872 Cantic.
1322 2829 1395 2878 IV,
1428 2827 1493 2871 16.
