1734 3112
246 129 302 172 20
547 129 769 171 officinas
803 143 846 171 m
881 129 1062 172 CANT1c.
1097 130 1399 173 Cmnconum

252 253 399 282 tenens
422 242 474 298 ¹).
534 243 694 283 Verum
738 243 936 299 quoniam
975 244 1097 285 nobis
1137 260 1274 285 sermo
1309 245 1360 285 de
1401 243 1550 284 ordine
1586 243 1690 284 cari-

253 319 348 360 tatis
380 331 462 370 cst,
496 320 737 373 diligentius
770 338 847 377 per
877 322 1037 374 singula
1071 323 1359 378 requiramus,
1392 322 1458 362 vel
1491 337 1596 377 quos
1629 322 1691 363 di-

252 396 347 450 ligi,
388 398 453 438 vel
499 410 702 454 quantum
743 399 860 451 diligi
902 411 1111 456 oporteat.
1186 401 1294 440 Nam
1331 399 1389 450 si,
1437 399 1541 453 ut²)
1588 398 1689 440 dicit

255 476 511 532 Apostolus,
556 478 745 517 membra
776 478 1024 518 alterutrum
1057 493 1220 526 sumus,
1261 490 1393 533 put0,
1435 477 1550 533 quod
1580 477 1689 518 hunc

253 554 454 595 affectum
479 570 572 607 erga
594 555 812 611 proximos
839 555 991 595 habere
1021 556 1263 606 debeamus,
1293 567 1340 596 ut
1372 572 1443 596 eos
1463 572 1548 596 non
1575 555 1690 612 quasi

253 631 388 673 aliena
421 648 624 688 corpora,
657 634 731 674 sed
763 632 894 673 veluti
927 633 1116 674 membra
1147 645 1290 674 nostra
1322 633 1554 685 diligamus.
1616 634 1690 675 Se-

255 711 440 751 cundum
467 710 547 752 hoc
576 727 674 764 ergo
695 713 750 768 ³),
782 712 898 768 quod
929 713 1119 752 membra
1149 723 1291 752 nostra
1322 710 1504 752 invicem
1534 727 1689 761 sumus,

253 788 472 845 aequalem
517 805 610 842 erga
651 806 797 830 omnes
838 790 990 830 habere
1024 790 1323 840 dilectionem,
1362 787 1629 844 similemque
1649 788 1690 845 ⁴)

255 866 490 908 conveniet.
552 869 794 911 Secundum
827 868 908 908 hoc
939 884 1040 908 vero
1060 899 1070 918 ,
1103 868 1218 924 quod
1249 867 1402 923 sunt⁵)
1433 864 1477 906 in
1509 881 1689 922 corpore

253 944 394 1001 aliqua
424 946 614 986 membra
644 945 966 987 honorabiliora
1010 957 1051 986 et
1081 946 1344 996 honestiora,
1385 944 1465 986 alia
1496 960 1596 985 vero
1628 944 1690 985 in-

255 1023 499 1064 honestiora
531 1035 571 1064 et
602 1022 816 1074 inferiora,
848 1035 978 1080 puto,
1021 1024 1138 1079 quod
1169 1040 1334 1065 rursum
1364 1038 1444 1079 pro
1476 1024 1690 1064 membro-

255 1117 349 1141 rum
389 1101 551 1143 meritis
596 1113 637 1142 et
667 1102 855 1152 honore,
901 1101 1024 1142 etiam
1073 1101 1315 1142 dilectionis
1356 1100 1500 1142 librari
1539 1102 1689 1143 debeat

255 1180 421 1221 modus.
473 1180 521 1221 Si
553 1180 644 1237 quis
677 1197 774 1233 ergo
806 1179 1117 1221 rationabiliter
1138 1191 1286 1221 cuncta
1303 1195 1425 1233 agere
1455 1181 1689 1221 secundum

254 1258 428 1298 verbum
460 1258 570 1307 Dei,
610 1275 656 1299 ac
698 1275 795 1298 suos
837 1257 961 1299 etiam
992 1259 1168 1299 affectus
1198 1269 1436 1314 temperare
1468 1258 1688 1315 proponit,

251 1346 381 1390 puto,
426 1336 542 1392 quod
583 1352 677 1388 erga
718 1336 819 1376 haec
859 1325 1019 1388 singula
1058 1336 1251 1376 ordinem
1293 1337 1472 1378 caritatis
1504 1348 1544 1377 et
1581 1337 1686 1378 scire

253 1412 419 1463 debeat,
452 1425 492 1453 et
522 1425 679 1454 tenere.
740 1414 900 1454 Verum
931 1425 978 1454 ut
1008 1413 1191 1469 apertius
1221 1414 1315 1465 fiat,
1348 1415 1464 1470 quod
1494 1414 1686 1465 dicimus,

252 1490 383 1545 paulo
417 1489 751 1532 evidentioribus
781 1503 951 1532 utamur
981 1490 1162 1549 judiciis.
1223 1491 1269 1533 Si
1301 1491 1412 1547 quis,
1452 1491 1569 1532 verbi
1599 1507 1686 1544 gra-

250 1567 322 1619 tia,
354 1568 522 1609 laboret
551 1568 595 1609 in
626 1569 757 1609 verbo
776 1568 873 1619 Dei,
905 1580 1029 1625 atque
1061 1568 1218 1610 animas
1247 1581 1409 1610 nostras
1438 1568 1616 1610 instruat
1647 1581 1687 1610 et

253 1645 481 1696 illuminet,
515 1646 625 1687 viam
657 1646 800 1687 salutis
833 1647 996 1696 doceat,
1027 1646 1281 1702 vivendique
1314 1647 1509 1688 ordinem
1537 1648 1687 1699 tradat,

250 1740 340 1765 non
369 1724 449 1764 tibi
480 1724 649 1765 videtur
679 1736 720 1765 et
750 1724 818 1764 hic
848 1723 1065 1780 proximus
1097 1740 1183 1765 esse
1216 1723 1411 1780 quidem,
1443 1726 1517 1766 sed
1547 1725 1684 1766 multo

251 1801 432 1857 amplius
465 1801 550 1843 alio
568 1802 765 1858 proximo
788 1801 1038 1854 diligendus,
1071 1802 1144 1858 qui
1167 1803 1322 1843 horum
1339 1801 1445 1843 nihil
1471 1801 1685 1858 egerit⁵)?

250 1880 360 1921 Nam
392 1878 470 1921 etsi
502 1879 576 1920 ille
609 1880 781 1936 quidem
814 1878 1050 1932 diligendus
1082 1891 1163 1930 est,
1194 1896 1273 1936 pro
1307 1896 1372 1931 eo,
1406 1881 1521 1936 quod
1551 1896 1684 1921 mem-

249 1958 327 1999 bra
355 1956 478 1998 unius
512 1957 703 2014 corporis
743 1973 908 2007 sumus,
947 1957 1156 2013 uniusque
1196 1958 1472 1999 substantiae:
1513 1959 1587 2000 sed
1616 1958 1684 2000 hic

249 2035 388 2077 multo
420 2035 616 2091 amplius,
649 2035 721 2092 qui
740 2036 794 2092 7),
828 2052 924 2076 cum
954 2034 1018 2093 jus
1048 2035 1233 2092 proximi
1262 2036 1487 2078 nobiscum
1518 2036 1681 2087 habeat,

249 2114 367 2170 quod
402 2125 443 2155 et
474 2113 604 2155 ceteri
634 2113 826 2154 homines
857 2113 1030 2164 hahent,
1072 2114 1142 2154 dat
1171 2125 1311 2155 tamen
1340 2114 1445 2156 hanc
1474 2109 1682 2172 majorem

244 2191 427 2233 caritatis
457 2207 552 2244 erga
578 2207 621 2231 se
654 2207 841 2241 causam,
873 2191 989 2247 quod
1020 2190 1130 2232 viam
1160 2192 1245 2233 Dei
1277 2193 1486 2243 ostendit,
1518 2204 1560 2234 et
1593 2191 1681 2233 ani-

241 2286 336 2312 mae
365 2270 545 2311 salutem
573 2268 706 2310 divini
736 2268 855 2309 verbi
883 2269 1265 2311 illuminationibus
1298 2271 1474 2312 confert.
1539 2268 1672 2323 Quod

368 2439 409 2495 ¹)
441 2438 551 2479 Edd.
581 2438 644 2483 M.
677 2444 871 2489 ‚‚tenet.“

357 2509 401 2563 2)
431 2508 540 2549 Edd.
573 2508 633 2550 M.
665 2521 740 2558 „ut
768 2508 936 2558 dieitur,
967 2510 1156 2551 membra
1181 2510 1353 2552 alterius
1384 2515 1553 2551 sumus“
1585 2520 1663 2550 etc.

243 2587 293 2595 —
328 2565 416 2608 Cfr.
449 2566 468 2605 I
488 2565 586 2607 Cor.
617 2565 727 2616 XII,
761 2565 826 2608 12.
857 2581 973 2623 seqq.

357 2636 399 2693 3)
431 2635 541 2676 Edd.
574 2636 635 2677 M.
667 2635 850 2686 ‚‚enim.“
971 2637 1014 2692 ⁴¹)
1045 2636 1155 2678 Edd.
1186 2637 1245 2678 M.
1279 2636 1559 2692 ,‚simulque.“

359 2707 400 2762 ⁵)
434 2706 520 2748 Cfr.
552 2707 572 2746 I
598 2703 696 2746 Cor.
727 2706 836 2757 XII,
865 2706 933 2749 22.
966 2722 1081 2763 seqq.

357 2778 399 2833 ⁶)
429 2776 539 2817 Edd.
572 2776 632 2817 M.
664 2775 838 2828 ,‚gerit?
894 2779 1003 2819 Nam
1037 2789 1078 2817 et
1110 2777 1185 2818 ille
1200 2783 1223 2802 “
1257 2788 1335 2818 etc.

355 2846 397 2902 7)
425 2846 535 2887 Edd.
567 2845 629 2888 M.
671 2846 948 2905 „quicunque
981 2857 1020 2888 et
1060 2846 1124 2903 jus
1160 2872 1208 2880 —-
1240 2846 1412 2898 habeat,
1453 2845 1568 2902 quod
1604 2861 1671 2885 cea

238 2903 318 2944 teri
334 2909 358 2929 “
391 2914 470 2944 etc.
