1763 3112
682 49 729 79 m
758 38 784 78 J
786 48 1005 79 mmmmm.
1469 40 1552 85 465

129 145 217 192 Διὸ
248 145 472 205 λαμβάνει
504 149 579 202 τῆς
608 148 659 193 ἐν
689 152 844 195 κακοῖς
881 150 1094 201 βοηθείας
1131 146 1438 205 ἀπαγγελίαν,
1474 155 1551 196 λέ.

127 240 290 281 γοντος
320 222 436 268 οὕτω
468 226 547 268 τοῦ
577 227 717 269 θεοῦ·
755 218 863 274 „033
881 224 920 280 ¹)
951 226 1174 279 καθαιρῶ,
1206 221 1347 269 πάλιν
1364 229 1548 274 οῗκοδο-

123 299 307 358 μήσω.“
364 303 559 360 Πρῶτον
587 298 677 358 γὰρ
708 300 868 356 ἀλγεῖν
897 306 1041 356 ποιεῖ,
1081 303 1159 344 καὶ
1188 299 1329 346 πάλιν
1357 300 1545 347 α’ποκα-

120 382 346 435 θίστησιν,
380 379 458 420 καὶ
487 375 541 420 τὰ
575 377 652 420 ἐπὶ
680 374 868 426 τούτοις.
933 376 998 420 Οὐ
1038 376 1128 434 γὰρ
1168 374 1304 421 δεκτὰ
1341 375 1393 420 τοὶ
1427 395 1548 436 χρη-

124 452 206 498 ou}
236 452 300 512 μὴ
330 456 422 499 τῶν
453 456 607 498 κακῶν
635 457 1036 515 προανῃρημένων.
1091 452 1210 500 Λύει
1239 452 1330 511 γὰρ
1360 457 1438 497 καὶ
1466 455 1548 506 τὰς

120 528 363 590 μοχθηρὰς
392 533 483 575 τῶν
513 530 718 574 ἀπίστων
752 528 1026 586 οἲκοδομιές,
1067 528 1126 579 ὠς
1165 531 1439 588 ἀρχιτέκτων
1470 535 1548 588 τῆς

124 609 289 662 σκηνῆς
318 609 395 662 τῆς
425 606 657 662 ἀληθινῆς,
692 603 749 661 ἣν
779 608 941 663 ἔπηξεν
971 605 1118 662 αὐτὸς,
1149 610 1227 650 καὶ
1257 607 1336 652 οὐκ
1351 603 1545 668 ἅνθρω-

120 697 228 733 πος·
260 686 367 744 περὶ
396 675 448 739 ἧς
463 699 606 742 φησιν
630 681 652 727 ὁ
679 686 886 733 Παῦλος·
917 687 1066 742 ,,θεοῦ
1082 684 1124 740 ²)
1147 683 1368 740 οἰκοδομή
1399 686 1546 732 ἐστε.“

120 762 214 804 Καὶ
260 759 320 811 ὦς
368 759 571 819 γεωργὸς
615 761 788 810 ἐκτίλας
829 759 879 805 τὸ
924 760 988 818 μὴ
1036 763 1204 806 ποιοῦν
1242 759 1449 821 καρπόν·
1491 788 1544 797 -

118 839 285 893 ,,πᾶσα
302 838 346 894 3)
376 837 470 895 γὰρ
501 840 688 896 φυτεία,
729 833 786 892 ἣν
817 835 899 882 οὐκ
941 836 1191 896 ἐφύτευσεν
1223 836 1246 881 ὁ
1277 836 1425 896 πατήρ
1451 856 1545 899 μου

84 912 143 951 *4
181 914 232 957 ἓν
264 913 493 971 οὐρανοῖς,
525 911 934 974 ἐκριζωθήσεται·“
967 939 1019 947 -
1058 913 1361 972 καταφυτεύει
1390 912 1544 974 ἄμπε-

118 992 202 1034 λον
233 988 559 1049 καρποφόρον,
609 990 662 1035 οὐ
700 989 812 1034 κατὰ
849 988 931 1045 τὴν
969 992 1029 1039 εἷς
1069 995 1258 1049 πικρίαν
1285 1006 1541 1052 μεταστρα-

119 1070 289 1125 φεῖσαν
329 1068 408 1110 καὶ
447 1063 685 1124 ἄκαρπον,
734 1063 792 1122 ἣν
829 1065 1057 1122 ἐκκόπτει,
1102 1070 1179 1112 ἵνα
1218 1066 1361 1114 πάλιν
1402 1068 1542 1126 αὐτὴν

117 1141 341 1200 ἀληθινὴν
379 1142 693 1202 ἀπεργάσηται
733 1147 810 1188 καὶ
848 1147 960 1189 θεοῦ
998 1141 1251 1203 γεώργιον·
1305 1144 1420 1191 οὕτω
1465 1151 1543 1203 τῆς

115 1221 164 1271 ἒξ
190 1218 433 1278 Λῗγύπτου
463 1223 649 1266 καθεῖλε
691 1219 772 1264 τὸν
819 1218 1065 1279 φραγμὸν,
1110 1218 1225 1283 ὑπὲρ
1268 1214 1319 1278 ἧς
1365 1220 1542 1282 εὔχεται

116 1296 230 1342 κατὰ
258 1298 342 1342 τὸν
369 1298 543 1353 Δαβίδ·
573 1297 918 1355 ,,ἒπίβλεψον4)
960 1298 1007 1348 ἐξ
1046 1299 1269 1355 οὐρανοῦ,
1315 1303 1393 1344 καὶ
1433 1302 1538 1345 ἐπί-

115 1384 281 1432 τρεψαι
299 1373 382 1429 τὴν
410 1370 619 1431 ἄμπελον
633 1372 850 1430 ταύτην.“
897 1377 990 1418 Καὶ
1008 1365 1132 1420 οῦτοι
1151 1380 1308 1421 τοίνυν
1325 1377 1391 1421 ἐπ’
1412 1378 1539 1437 ὠφε-

113 1454 233 1501 λείας
261 1449 581 1497 παιδεύονται·
613 1447 757 1507 ,,ὃν5)
784 1449 876 1510 γὰρ
894 1451 1058 1509 α’γαπᾷ
1082 1451 1250 1514 κύριος,
1279 1454 1540 1501 παιδεύει.“

116 1532 236 1586 ,,Τίς
253 1527 296 1581 ⁶)
326 1525 417 1585 γάρ
447 1529 571 1572 ἐστιν
603 1527 625 1572 ὁ
657 1527 921 1587 εὐφραίνων
948 1545 1020 1586 με,
1051 1533 1090 1574 εἰ
1116 1529 1179 1586 μὴ
1212 1528 1540 1590 ὁλυπούμενος

113 1605 162 1654 ἐξ
191 1605 374 1662 ἕμοῦςε(
405 1602 493 1660 „‘H
512 1605 555 1663 ⁷)
585 1603 676 1664 γὰρ
708 1605 821 1649 κατὰ
850 1604 963 1651 θεὸν
991 1605 1108 1662 λύπη
1138 1606 1387 1664 μετάνοιαν
1416 1609 1535 1668 ἆμευ

110 1679 332 1739 τάβλητον
361 1684 422 1731 εἷς
452 1686 677 1739 σωτηρίαν
707 1681 1074 1741 κατεργάζεται.“
1138 1683 1230 1728 Διὰ
1274 1689 1404 1730 τοῦτο
1442 1685 1535 1744 γὰρ

112 1755 304 1816 »ἐπάγω
322 1758 366 1815 8)
395 1758 512 1803 κακὰ
554 1759 631 1803 ἐπὶ
669 1761 826 1804 πᾶσαν
864 1757 1073 1819 σάρκα,“
1113 1759 1217 1811 τούς
1249 1766 1535 1823 φρονοῦντας

111 1835 166 1880 τοὶ
196 1834 350 1894 γήϊνα.

223 1915 351 1968 ,,Καὶ
364 1912 411 1968 ⁹)
443 1909 574 1956 δώσω
606 1911 688 1968 τὴν
718 1910 877 1969 ψυχήν
906 1915 1040 1957 σου.“
1087 1912 1301 1974 Εὑρίσκει
1331 1913 1424 1975 γᾰρ
1454 1916 1532 1967 τάς

113 1987 265 2047 ψυχὰς
293 1991 384 2033 τῶν
421 1989 612 2034 δικαίων
650 1988 672 2033 ὁ
711 1987 833 2039 θεός.
900 1991 1178 2047 ,,Ψυχαὶ10)
1216 1989 1309 2051 γὰρ
1339 1993 1530 2037 δικαίων

111 2067 163 2111 ἓν
185 2068 306 2127 χειρὶ
336 2068 473 2121 θεοῦ,
491 2068 520 2091 “
563 2069 611 2110 αἱ
652 2068 703 2111 δὲ
731 2069 824 2111 τῶν
854 2063 1137 2123 ἁμαρτωλῶν
1166 2065 1225 2118 ὠς
1252 2069 1370 2124 μηδὲ
1401 2061 1530 2115 οὖσαι

112 2146 375 2201 λογίζονται.
660 2146 666 2151 “

230 2303 271 2360 ¹)
303 2302 390 2345 Cfr.
420 2301 575 2342 Jerem.
604 2299 733 2352 XLV,
763 2301 802 2345 4.
922 2302 964 2360 ²)
994 2304 1015 2345 Ι
1048 2303 1146 2346 Cor.
1178 2302 1257 2356 ΙΙΙ,
1286 2303 1326 2348 9.

224 2371 270 2428 ³)
302 2370 389 2413 Cfr.
419 2369 571 2412 Matth.
601 2369 697 2422 XV,
726 2370 791 2415 13.

227 2440 273 2497 ⁴)
305 2440 392 2483 Cfr.
422 2439 577 2481 Psalm.
606 2440 779 2493 LXXX,
800 2441 876 2486 -14,
907 2440 1145 2498 (LXXIX.)

227 2514 270 2568 ⁵)
300 2512 429 2554 Hebr.
460 2511 560 2560 XII,
590 2509 628 2553 6.
776 2508 820 2567 ⁶)
849 2512 891 2554 ΙΙ
924 2512 1023 2555 Cor.
1054 2512 1108 2563 II,
1137 2511 1176 2555 2.

226 2581 270 2636 7)
303 2581 389 2623 Cfr.
421 2580 463 2620 ΙΙ
496 2580 595 2622 Cor.
626 2581 722 2633 VII,
753 2580 818 2625 10.
936 2583 981 2638 8)
1009 2582 1166 2625 Jerem.
1196 2581 1325 2634 XLV,
1354 2583 1393 2627 5.

228 2651 270 2706 9)
300 2651 458 2692 Jerem.
488 2650 618 2701 XLV,
649 2650 685 2694 5.
809 2651 875 2706 ¹⁰)
909 2652 994 2695 Cfr.
1027 2653 1125 2710 Sap.
1157 2652 1316 2695 Salem.
1349 2654 1426 2706 ΠΙ,
1459 2655 1494 2701 1.

112 2859 335 2903 Omossms
362 2858 533 2903 Ovum.
580 2859 701 2903 Tom.
730 2858 818 2901 XV.
1225 2859 1280 2904 30
