1763 3112
250 51 332 93 [418
812 63 868 91 Ex
900 50 1122 92 Onmmws

257 537 401 592 Ἐκ“)
434 539 523 589 τῆς
554 537 897 592 τριακοστῆς
927 534 1162 591 ἐννιὶτης
1189 536 1441 596 Ὁμιλίας
1470 540 1576 581 τῶν
1607 541 1680 586 εἰς

257 613 656 670 τόνἹερεμίαν
686 612 1064 669 ἔξηγητικῶν,
1091 617 1173 663 εἰς
1202 613 1286 657 τό·
1319 615 1517 672 ,,οὐκ“)
1540 614 1680 670 ἠδύ-

330 708 466 733 νατο
507 688 703 749 κύριος
750 694 948 746 φέρειν
995 690 1103 734 ἀπὸ
1144 692 1456 751 προσώπου
1502 710 1608 737 πο-

742 770 943 825 νηρίας
982 766 1196 825 ὑμῶν.“

251 962 402 1029 1Εἰπὲν
430 1001 540 1029 ποτε
570 983 902 1043 ἀναγινώσκων
943 985 1025 1041 τὴν
1052 985 1242 1045 γραφὴν
1269 984 1539 1046 προσκόψῃς
1568 985 1679 1041 νοή-

254 1082 363 1121 ματι
395 1058 550 1115 ὄντι3)
581 1059 787 1115 καλῷ,4)
827 1063 941 1115 λίθῳ
982 1061 1031 1103 δὲ
1063 1059 1442 1119 προσκόμματος,
1486 1063 1563 1103 καὶ
1594 1065 1678 1104 πέ-

256 1159 336 1199 τρᾳ
368 1134 656 1189 σκανδάλου,
696 1137 821 1178 αἰτιῶ
863 1136 1054 1180 σαυτόν·
1093 1138 1157 1196 μὴ
1197 1138 1450 1198 ιέπελπίσῃς
1480 1137 1569 1195 γὰρ
1599 1136 1678 1181 τὸν

253 1222 387 1260 λίθον
417 1216 581 1257 τοῦτον
611 1216 689 1256 τοῦ
727 1212 1107 1272 προσκόμματος,
1153 1218 1230 1257 καὶ
1268 1213 1350 1267 τὴν
1389 1219 1560 1272 πέτραν
1597 1218 1676 1258 τοῦ

255 1289 520 1338 σκανδάλου
550 1290 670 1346 ἔχειν
701 1288 935 1345 νοήματα,
975 1288 1074 1334 ὥστ’
1111 1288 1169 1334 ἄν
1206 1295 1423 1348 γενέσθαι
1461 1291 1510 1336 τὸ
1552 1296 1674 1347 εἰρη-

253 1374 418 1427 μένον·
453 1369 564 1422 ,,καὶ
580 1366 622 1422 ⁵)
655 1364 677 1410 ὁ
708 1365 938 1412 πιστεύων
970 1368 1021 1411 οὐ
1053 1366 1541 1425 καταισχυνθήσεται.“
1584 1373 1677 1412 Πί-

254 1460 445 1491 στευσον
485 1446 693 1501 πρῶτον,
746 1448 823 1487 καὶ
874 1444 1076 1505 εὑρήσεις
1129 1445 1220 1491 ὑπὸ
1272 1445 1323 1490 τὸ
1374 1443 1678 1503 νομιζόμενον

253 1522 518 1569 σκάνδαλον
546 1521 723 1576 πολλὴν
753 1521 980 1580 ὠφέλειαν
1009 1522 1164 1581 ἁγίαν.
1231 1527 1291 1567 Εἰ
1320 1522 1411 1581 γὰρ
1440 1522 1570 1581 ἡμεῖς
1598 1524 1675 1566 ἒν-

252 1600 388 1657 τολὴν
428 1597 654 1656 ἐλάβομεν
693 1597 759 1658 μὴ
799 1602 950 1657 λέγειν
989 1602 1112 1662 ῥῆμα
1141 1599 1316 1659 ἀργὸν,
1365 1599 1424 1650 ὠς
1453 1598 1675 1650 δώσοντες

252 1683 359 1738 περὶ
389 1677 528 1721 αὐτοῦ
559 1673 702 1734 λόγον
729 1677 780 1721 ἐν
812 1678 959 1737 ἡμέρᾳ
989 1683 1200 1736 κρίσεως,
1240 1681 1317 1722 καὶ
1357 1677 1438 1733 ὅση
1479 1676 1674 1735 δύναμις

254 1753 628 1815 φιλοτιμούμεθα
670 1757 769 1798 πᾶν
811 1757 935 1815 ῥῆμα
974 1754 1025 1800 τὸ
1066 1753 1188 1805 ἐξιὸν
1233 1756 1285 1800 ἐκ
1331 1758 1411 1799 τοῦ
1451 1753 1674 1812 στόματος

250 1835 384 1892 ἡμῶν
414 1836 565 1876 ποιεῖν
595 1829 866 1889 ἐργάζεσθαι
903 1836 980 1876 καὶ
1010 1834 1061 1877 ἓν
1090 1832 1204 1892 ἡμῖν
1234 1839 1328 1884 τοῖς
1358 1837 1564 1891 λέγουσι,
1596 1836 1672 1877 καὶ

368 2035 410 2091 ¹)
441 2034 698 2075 Desumtum
736 2045 798 2075 est
836 2034 968 2075 hocce
1004 2035 1286 2086 fragmentum
1336 2051 1385 2075 ex
1420 2034 1669 2085 Philocalia,

252 2122 357 2163 quae
390 2121 481 2161 cap.
509 2104 564 2146 X.
594 2105 706 2146 hunc
734 2119 836 2161 prae
865 2120 909 2146 se
940 2105 1023 2146 fert
1050 2105 1247 2146 titulum:
1277 2107 1393 2163 Περὶ
1423 2108 1514 2148 τῶν
1542 2107 1593 2149 ἓν
1616 2107 1666 2164 τῇ

248 2183 354 2233 θείᾳ
387 2177 545 2235 γραφῇ
579 2170 839 2219 δοκούντων
878 2174 999 2231 ἔχειν
1037 2192 1078 2218 τι
1118 2179 1253 2220 λίθου
1296 2172 1667 2234 προσκόμματος,

248 2243 275 2302 ἢ
307 2250 480 2305 πέτραν
510 2242 788 2289 σκανδάλου.

361 2317 404 2373 ²)
439 2315 526 2358 Cfr.
554 2314 714 2361 Jerem,
741 2314 893 2366 XLIV,
923 2313 991 2358 22.

360 2387 403 2443 ³)
433 2386 544 2429 Edd.
573 2386 796 2436 Philocal„
825 2384 970 2442 itemq.
1002 2386 1096 2427 edd
1126 2385 1274 2428 Huetii
1302 2387 1346 2428 in
1365 2399 1502 2430 textu:
1532 2384 1665 2443 ,,ἷ)’ντι

244 2458 367 2514 καλῷ
398 2459 514 2513 λίθῳ
543 2453 914 2512 προσκόμματος,
946 2458 1024 2499 καὶ
1053 2458 1257 2516 πέτραν“
1287 2463 1401 2512 κτλ.,·
1434 2459 1528 2500 edd.
1560 2475 1661 2500 vero

242 2527 296 2569 H.
329 2528 383 2568 ad
411 2525 664 2580 marginem:
704 2525 893 2579 ‚‚scribe:
931 2525 1047 2585 πρὸς
1077 2525 1158 2572 τὸν
1185 2529 1321 2572 λίθον
1350 2527 1661 2589 προσκόμμα-

240 2599 351 2647 τος“
379 2600 471 2641 κτλ.

356 2667 400 2723 ⁴)
434 2666 613 2709 Tarinus
638 2667 691 2708 ad
721 2683 872 2709 vocem
902 2669 1097 2726 ,,καλῷ“
1125 2667 1170 2710 in
1199 2668 1331 2711 notis:
1361 2668 1542 2721 „diffido
1560 2669 1657 2711 huic

236 2725 512 2783 scripturae.“

353 2795 395 2851 ⁵)
427 2793 513 2838 Cfr.
545 2794 670 2837 Rom.
701 2795 778 2847 IX,
806 2795 875 2842 33.
