1734 3112
659 88 858 130 HommA
887 87 941 129 X.
1416 89 1496 134 221

85 203 225 248 αὐτοῦ
254 201 313 252 ὠς
340 204 454 245 λέων
484 200 533 244 ἐν
565 202 742 260 δρυμῷ.
801 203 903 246 Νῦν
941 201 1003 244 ἔτι
1042 198 1091 243 ἓν
1128 200 1286 259 δρυμῷ
1327 204 1502 254 λέοντές

85 284 197 336 εῗσι,
239 282 609 337 καταθεματίζειν
637 280 845 328 θέλοντες
873 276 954 323 τὸν
977 276 1177 333 Ἰησοῦν,
1209 280 1287 322 καὶ
1315 280 1500 338 δυσφη-

82 360 271 415 μοῦντες
299 354 460 412 αὐτὸν,
493 359 570 400 καὶ
601 353 968 412 ἐπιβουλεύοντες
995 360 1090 405 τοῖς
1117 353 1410 402 πιστεύουσιν
1441 362 1502 408 εἷς

83 432 234 480 αὐτόν.
300 430 616 492 ,,Ἐγενήθη1)
659 424 744 477 οὖν
781 430 807 488 ἡ
846 435 1126 493 κληρονομία
1169 450 1261 491 μου
1300 435 1404 493 ἐμοὶ
1444 434 1503 486 ὠς

79 513 195 556 λέων
231 511 282 556 ἒν
321 512 501 572 δρυμῷ.
552 507 755 556 Ἔδωκεν
792 509 859 555 ἐπ’
895 511 976 568 ἐμὲ
1017 508 1098 566 τὴν
1139 510 1303 569 φωνὴν
1341 512 1498 568 αὐτῆς·

79 586 156 633 διὰ
186 591 317 634 τοῦτο
348 589 544 648 ἐμίσησα
574 585 733 644 αὐτήν.
775 586 858 643 Μὴ
892 586 1118 643 σπήλαιον
1145 586 1303 645 ὑαίνης
1331 588 1355 644 ἦ
1390 591 1500 645 κλη-

77 671 273 726 ρονομία
312 683 405 725 μου
447 667 681 724 ἐμοί2);“
740 663 1088 726 Προφητεύειὸ)
1131 670 1237 728 περὶ
1275 669 1354 722 τῆς
1390 670 1502 725 κλη-

0 783 7 798 ,
78 748 296 804 ρονομίας
341 743 527 800 ταύτης·
586 741 613 800 ἡ
661 746 941 804 κληρονομία
987 760 1080 801 μου
1124 742 1233 801 μήτι
1277 742 1502 802 σπήλαιον

75 817 235 876 ὑαίνης
277 823 353 877 τῆς
390 818 692 880 ἀγριωτάτης,
733 824 810 877 τῆς
848 818 1149 881 νεκροβόρου,
1191 824 1269 877 τῆς
1304 825 1411 884 περὶ
1446 822 1500 868 τὰ

75 902 292 955 μνημεῖα,
323 901 401 953 τῆς
430 897 671 955 ἕσθιούσης
699 898 753 943 τὰ
782 904 1038 959 θνησιμαῖα
1069 896 1282 958 σώματα,·
1322 899 1439 956 ,,Μὴ
1458 900 1501 960 ⁴)

76 972 306 1030 σπήλαιον
352 974 510 1033 ὑαίνης
557 975 579 1031 ἦ
622 979 902 1035 κληρονομία
942 993 1035 1034 μου
1071 976 1200 1034 ἕμοί,·
1266 975 1341 1028 Ὡς
1379 976 1502 1033 σπή-

75 1055 226 1110 λαιον,
270 1052 337 1098 e’n’
372 1053 512 1110 αὐτὴν
551 1051 701 1112 κύκλῳ
743 1054 880 1110 αὐτῆς
918 1056 1180 1111 βαδίζετε.“
1235 1055 1363 1101 Ἐπεὶ
1405 1072 1501 1100 τοι-

77 1132 201 1176 οῦτοι
230 1128 472 1189 γεγόνασι,
515 1129 680 1177 κελεύω
712 1131 840 1189 ὑμῖν,
872 1138 965 1184 τοῖς
996 1132 1228 1191 ἀγγέλοις,
1259 1135 1336 1178 ἵνα
1365 1135 1502 1189 βαδί-

79 1211 195 1266 ζητε,
234 1211 311 1253 καὶ
341 1207 628 1268 συναγάγητε
658 1209 713 1254 τὰ
751 1214 914 1268 θηριά,
952 1212 1031 1254 καὶ
1067 1211 1311 1268 παραδῶτε
1342 1209 1504 1261 αὐτοὺς

77 1291 171 1337 τοῖς
206 1292 397 1349 θηρίοις.
458 1288 795 1345 ,,Βαδίζετε5),
838 1290 914 1331 καὶ
953 1285 1235 1345 συναγάγετε
1271 1286 1326 1332 ui
1363 1293 1502 1346 θηρία

76 1367 156 1409 τοῦ
188 1364 361 1426 ἀγροῦ,
406 1369 483 1409 καὶ
514 1367 771 1410 ἑλθέτωσαν
801 1368 881 1410 τοῦ
921 1369 1092 1424 φαγεῖν
1121 1364 1314 1419 αὐτήν.“
1368 1364 1504 1423 Ἐλή-

77 1446 218 1488 λυθεν
247 1441 302 1487 τὰ
333 1448 472 1500 θηρία
502 1446 582 1489 τοῦ
614 1443 757 1502 ἀγροῦ
790 1445 1011 1488 διεσθίειν
1048 1441 1129 1487 τὸν
1168 1441 1282 1488 λαὸν
1311 1445 1500 1489 ἐκεῖνον.

77 1523 275 1567 Βλέπετε
305 1520 455 1566 αὐτῶν
477 1520 555 1571 τὰς
579 1523 768 1579 καρδίας
788 1522 1108 1578 διεσθὸομένας
1130 1518 1221 1566 ὑπὸ
1247 1523 1339 1566 τῶν
1357 1519 1504 1567 δυνά-

75 1615 203 1656 μεων
231 1602 322 1644 τῶν
353 1599 690 1658 ἀντικειμένων.
733 1600 794 1641 Εἰ
818 1599 1005 1644 ἐκείνων
1027 1596 1234 1654 ὁἸησοῦς
1258 1600 1342 1644 οὐκ
1371 1600 1503 1658 ἐφεί-

77 1692 212 1734 σατο,
245 1675 359 1722 ἀλλά
390 1672 511 1722 εἷπε·
543 1711 572 1733 ,,
584 1678 783 1734 βαδίζετε
799 1678 867 1734 ⁶),
902 1673 1182 1735 συναγάγετε
1214 1675 1266 1720 τὰ
1295 1679 1503 1734 θηρία·“

76 1753 209 1813 πόσῳ
238 1758 380 1800 πλέον
408 1752 541 1811 ἡμῶν
572 1754 624 1799 οὐ
657 1758 884 1813 φείσεται,·
939 1753 1051 1798 Ἐὰν
1090 1753 1153 1812 μὴ
1184 1757 1394 1813 ποιῶμεν
1424 1754 1504 1801 τὸν

74 1830 222 1890 νόμον
239 1835 319 1878 τοῦ
349 1835 475 1888 θεοῦ,
507 1831 588 1877 τὸν
615 1828 758 1889 λόγον
783 1834 863 1876 τοῦ
894 1830 1178 1890 εὐαγγελίου,
1212 1832 1308 1889 ἐρεῖ
1335 1831 1500 1879 πάλιν·

75 1911 326 1968 ,,βαδίσατε
345 1910 409 1967 ⁷),
444 1907 728 1968 συναγάγετε
756 1909 812 1954 τὰ
844 1913 1007 1968 θηρία,
1039 1912 1117 1954 καὶ
1148 1908 1380 1972 παράδοτε
1416 1911 1503 1956 αῦ-

77 1986 211 2042 τήν.“
249 1986 358 2032 Ἀλλ’
390 1984 521 2044 ἡμεῖς
550 1990 808 2050 παρ’ῥησίαν
836 1987 1084 2045 ἔχωμενῧ),
1115 1989 1191 2033 ἵνα
1222 1991 1426 2047 εἴπωμεν
1454 1989 1505 2035 ἐν

198 2149 240 2206 ¹)
268 2149 423 2191 Jerem.
439 2148 541 2201 XII,
555 2148 595 2194 8.
612 2149 651 2194 9.
716 2150 758 2207 ²)
789 2150 922 2192 Deest
939 2149 1119 2206 ,,ἒμοί“
1146 2148 1189 2191 in
1209 2150 1304 2193 edd.
1321 2151 1375 2194 H.
1396 2163 1436 2193 et
1450 2153 1501 2194 R.
1571 2190 1582 2195 s

195 2219 239 2275 3)
267 2219 440 2261 Verbis:
480 2218 549 2276 ,,ἡ
580 2224 862 2278 κληρονομία
889 2236 983 2277 μου
1014 2220 1142 2277 ἓμοί,·
1172 2221 1504 2280 προφητεύει,“

80 2274 280 2316 insertum
319 2289 406 2319 erat
443 2276 486 2318 in
527 2277 633 2320 Cod.
663 2277 941 2328 scorialensi‚
981 2277 1188 2333 quidquid
1226 2279 1402 2321 homilia
1440 2296 1505 2322 se-

81 2331 227 2388 quenti
255 2344 352 2388 post
388 2334 490 2375 haec
519 2336 669 2377 verba:
712 2339 830 2390 ,,καὶ
859 2336 1126 2379 δεδιωκέναι
1156 2336 1420 2392 δικαίους,“
1451 2338 1504 2378 ad

80 2388 156 2429 illa
185 2404 340 2453 usque-z
378 2395 717 2448 ,,προσέχωμεν
748 2394 808 2449 τῷ
840 2393 1208 2449 γεγραμμένῳ,“
1240 2394 1502 2447 continetur3

82 2461 130 2486 ea
165 2460 244 2486 nos
278 2444 441 2487 H1er0n
469 2446 529 2488 mi
566 2447 738 2502 vestigia
775 2447 930 2499 secuti,
974 2463 1051 2490 suo
1092 2447 1190 2490 loco
1232 2450 1500 2493 restituimus.

80 2500 272 2544 Huetius.
304 2523 356 2532 —
388 2501 422 2545 C
443 2519 474 2543 r.
504 2518 597 2559 pag.
611 2504 707 2550 223.
736 2516 825 2547 not.
845 2505 882 2549 1.
917 2504 1016 2546 coll.
1047 2521 1089 2561 p.
1109 2504 1204 2549 224.
1234 2519 1325 2551 not.
1351 2508 1390 2551 5.

199 2572 243 2630 ⁴)
275 2572 361 2615 Csr.
392 2572 550 2616 Jerem.
579 2573 686 2626 XII,
713 2573 752 2619 9.
872 2575 915 2632 ⁵)
946 2573 1032 2618 Cfr.
1058 2574 1214 2619 Jerem.
1241 2577 1349 2630 XII,
1379 2577 1417 2621 9.

198 2642 243 2698 ὃ)
271 2642 427 2684 Jerem.
456 2643 564 2695 XII,
592 2643 632 2687 9.
663 2669 717 2678 —
744 2643 824 2686 Ed.
854 2645 907 2686 R.
938 2643 1253 2704 ,,συνα’γετε.“

201 2711 243 2769 ⁷)
277 2712 362 2755 Cfr.
391 2712 547 2755 Jerem.
577 2713 686 2764 XII,
715 2712 754 2756 9.

200 2783 244 2838 Β)
274 2782 328 2824 Η.
361 2794 402 2825 et
419 2784 471 2825 R.
502 2783 547 2824 in
575 2794 714 2824 textu:
746 2785 999 2842 ,,ἕχομεν,“
1028 2786 1081 2832 Η.
1112 2797 1251 2828 tamen
1280 2785 1333 2827 ad
1360 2800 1503 2841 marg,

89 2837 141 2880 R.
171 2837 214 2880 in
242 2839 376 2881 notis:
408 2840 557 2894 „lege2
588 2840 814 2898 ἕχωμεν.“
