1763 3112
596 93 796 134 HommA
831 91 946 132 XIV.
1398 92 1477 137 261

61 202 255 259 ἀνομίας
284 215 389 257 σου,
430 203 508 245 καὶ
536 200 613 251 τὰς
643 199 864 259 ἁμαρτίας
893 199 1038 255 σου,“
1068 195 1121 249 ἃς
1150 200 1320 256 δηλαδή
1351 201 1473 260 πρό-
1522 246 1528 251 ,

62 296 193 340 τερον
221 280 446 334 ἐποίησεν.
496 276 720 335 ε’Υστερον
750 269 832 321 οὖν
860 280 1054 334 γέγονεν
1084 273 1206 328 ἄξιος
1228 281 1307 322 τοῦ
1335 278 1470 336 ἁγίου

61 354 318 413 πνεύματος
340 355 550 411 Ἡσαΐας,
601 358 678 399 καὶ
708 351 1034 411 ἐπροφήτευσε.
1108 357 1202 397 Καὶ
1246 353 1313 398 ἐπ’
1349 351 1470 413 ἄλλῳ

60 431 111 476 τὸ
140 429 457 490 παραπλήσιον
486 430 632 492 εὕροις
660 429 732 476 ἄν.
799 430 908 473 Ἀλλ’
953 423 1082 481 οὗτος
1112 429 1135 475 ὁ
1164 430 1379 490 Ἱερεμίας
1405 433 1470 476 ἔτι

60 509 110 553 ἐκ
137 505 419 565 σπαργάνων
444 513 516 566 ,τῷ
556 507 779 568 πνεύματι
815 510 877 564 τῷ
905 510 1174 566 προφητικῷ
1205 511 1467 564 κοσμηθεὶς,

55 586 108 628 ἐκ
135 587 318 629 παίδων
346 584 681 644 προεφήτευσε·
723 582 795 628 διὸ
832 585 982 642 ἔλεγε·
1013 609 1066 616 -
1096 583 1147 629 τὸ
1184 583 1343 629 κοινὸν
1378 584 1468 645 γὰρ

54 663 235 717 πρῶτον
274 663 546 719 διηγοῦμαι·
591 690 641 696 —-
691 662 909 719 ,,οἴμοι’)
947 661 1036 720 ἐγώ
1065 660 1234 720 μήτηρ,
1279 661 1340 713 ὠς
1366 668 1468 707 τίνα

51 754 111 794 με
148 739 390 796 ἐγέννησας
436 736 582 799 ἄνδρα
623 737 944 796 δικαζόμενον,
989 743 1068 782 καὶ
1115 739 1468 799 διακρινόμενον

52 814 176 876 πάσῃ
205 818 256 874 τῇ
292 818 419 876 γῇ;“
462 819 565 860 Τῶν
597 814 686 875 πρὸ
718 817 832 872 ἐμοῦ
860 817 914 860 δέ
938 832 1003 864 τις
1032 817 1220 872 ἐπέβαλε
1250 821 1311 874 τῷ
1342 815 1468 875 τόπῳ

54 893 213 948 λέγων,
246 889 313 936 ὅτι
341 895 483 936 ταῦτα
512 894 666 950 ἔλεγεν
703 891 755 936 οὐ
798 891 912 952 πρὸς
938 890 1030 946 ’τὴν
1057 897 1228 950 μητέρα
1258 892 1340 949 τὴν
1370 909 1463 938 σω-

50 967 259 1025 ματικὴν,
293 969 406 1013 ἀλλὰ
437 967 550 1026 πρὸς
578 966 660 1023 τὴν
686 972 856 1025 μητέρα
891 968 972 1024 τὴν
1001 973 1240 1026 γεννῶσαν
1268 969 1462 1029 προφή-

49 1062 139 1093 τας.
206 1050 284 1094 Τίς
326 1046 377 1090 δὲ
421 1048 562 1102 γεννᾷ
605 1041 868 1103 προφήτας,·
920 1045 981 1088 ‘H
1024 1051 1168 1105 σοφία
1209 1050 1288 1092 τοῦ
1331 1053 1459 1093 θεοῦ.

40 1118 227 1179 Ἔλεγεν
258 1115 342 1167 οὖν
369 1120 444 1166 τό·
477 1123 696 1180 ,,οὶμοι2)
731 1122 820 1181 ἐγώ
848 1121 1019 1182 μήτηρ,
1061 1122 1119 1173 ὠς
1148 1129 1248 1169 τίνα
1275 1142 1335 1184 με
1365 1127 1463 1171 ἔτε-

48 1216 120 1248 κες
149 1191 185 1243 αἶ
215 1200 425 1257 σοφία;“
461 1197 528 1242 Τὰ
559 1199 609 1242 δὲ
640 1202 773 1244 τέκνα
802 1204 878 1255 τῆς
907 1205 1075 1257 σοφίας
1104 1204 1180 1244 καὶ
1210 1203 1261 1246 ἐν
1289 1206 1351 1259 τῷ
1382 1203 1460 1248 εὐ-

46 1280 243 1335 αγγελίῳ
257 1278 300 1334 3)
327 1277 674 1335 ἀναγέγραπται
685 1310 698 1331 ,
745 1279 822 1320 καὶ
851 1276 1149 1331 ,,ἆποστέλλει
1174 1276 1200 1333 ή
1235 1283 1378 1337 σοφία
1407 1280 1462 1324 τὰ

46 1358 178 1398 τέκνα
214 1353 399 1408 αὐτῆς.“
450 1357 642 1409 Εἴρηται
672 1345 777 1397 οὖν·
811 1355 936 1410 οἴμοι
965 1353 1054 1410 ἐγώ
1082 1352 1229 1412 μήτηρ
1260 1354 1345 1412 ἐμὴ
1376 1370 1460 1401 σο-

45 1437 161 1490 φία,
201 1430 259 1480 ὠς
295 1434 396 1474 τίνα
435 1446 492 1485 με
523 1430 665 1478 ἔτεκες
693 1424 841 1489 ἄνδρα
880 1429 1203 1487 δικαζόμενον,·
1260 1436 1337 1481 Τίς
1366 1436 1460 1490 εἰμι

47 1507 159 1565 ἐγὼ,
210 1504 276 1550 ὅτι
295 1506 337 1563 ⁴)
376 1510 435 1555 εἰς
473 1508 693 1550 τοσοῦτον
720 1510 1022 1566 γεγέννημαι,
1068 1510 1144 1551 ἵνα
1186 1507 1455 1566 δικάζωμαι,

49 1589 126 1629 ἵνα
158 1586 460 1643 διακρίνωμαι
489 1582 566 1627 διὰ
596 1581 699 1632 τούς
727 1585 951 1641 ἐλέγχους,
981 1583 1058 1628 διὰ
1088 1584 1166 1634 τὰς
1185 1585 1456 1644 ἐπιπλήξεις,

46 1659 123 1705 διὰ
156 1659 239 1714 τὴν
278 1660 578 1703 διδασκαλίαν
616 1659 729 1718 πρὸς
771 1658 946 1710 πάντας
980 1658 1083 1709 τοὺς
1121 1662 1198 1704 ἐπὶ
1236 1666 1312 1717 τῆς
1349 1667 1456 1720 γῆς,-

41 1737 150 1782 Έάν
178 1737 200 1782 ὀ
228 1736 442 1793 Ἱερεμίας
470 1739 607 1780 ταῦτα
636 1739 767 1797 λέγῃ·
799 1735 949 1792 ,,ὠς5)
979 1742 1079 1781 τίνα
1109 1754 1168 1794 με
1199 1739 1342 1789 ἔτεκες
1371 1736 1454 1785 ἅν-

46 1818 134 1871 δρα
187 1812 486 1869 δικαζόμενον
537 1816 614 1856 καὶ
657 1810 1011 1871 διακρινόμενον
1061 1812 1186 1875 πάσῃ
1232 1820 1282 1877 τῇ
1327 1819 1457 1876 γῇ;“

46 1892 129 1936 οὐκ
159 1893 244 1948 ἔχω
276 1889 582 1948 διηγήσασθαι
621 1887 699 1934 τό·
744 1887 901 1949 »πάσῃ
917 1890 960 1946 ⁶)
1001 1893 1051 1951 τῇ
1082 1894 1192 1952 γῇ.“
1263 1893 1328 1938 Οὐ
1365 1894 1457 1954 γὰρ

43 1967 165 2030 πάσῃ
195 1972 244 2028 τῇ
274 1971 331 2028 γῇ
362 1969 607 2026 διεκρίνετο
632 1965 862 2024 Ἱερεμίας.
911 1962 978 2009 Ἢ
1008 1967 1280 2029 βιασάμενοι
1318 1972 1455 2031 ἐροῦ..

42 2064 130 2104 μεν
158 2044 232 2090 τό·
264 2041 479 2104 ,,πάσῃ”’)
507 2047 558 2105 τῇ
588 2046 711 2106 γῇ·“
744 2044 845 2088 ἀντὶ
874 2048 978 2088 τοῦ·
1009 2043 1134 2107 πάσῃ
1163 2049 1214 2108 τῇ
1241 2047 1454 2107 Ἰουδαίᾳ.

46 2124 111 2168 Οὐ
159 2121 249 2181 γὰρ
297 2123 503 2180 ἔφθανεν
549 2119 574 2176 ή
614 2125 872 2181 προφητεία
910 2120 1049 2166 αὐτοῦ
1087 2123 1454 2183 προφητεύοντος

44 2198 140 2245 τότε
170 2203 231 2248 εἷς
264 2201 422 2243 πᾶσαν
447 2196 529 2252 τὴν
563 2201 667 2253 γῆν.
726 2196 922 2253 Μήποτε
958 2200 1008 2244 δὲ
1054 2198 1114 2250 ὠς
1162 2201 1213 2244 ἒν
1248 2204 1299 2262 τῇ
1338 2202 1452 2264 ἀρχῇ

45 2279 151 2333 περὶ
179 2279 256 2318 τοῦ
288 2280 444 2332 κυρίου
474 2273 606 2332 ἡμῶν
631 2275 776 2330 Ἰησοῦ
808 2279 1007 2334 Χριστοῦ
1038 2279 1280 2335 εἴρηται,8)
1312 2277 1453 2330 οὕτως

45 2355 124 2397 καὶ
153 2352 352 2395 ἐνταῦθα
383 2351 598 2410 ἐροῦμεν,
631 2353 731 2397 ἐπεὶ
760 2350 1110 2409 ἐσημειωσοέμην
1139 2351 1211 2398 τό·
1244 2355 1452 2414 ,,ῗδού,9)

166 2540 207 2594 ¹)
238 2539 323 2580 Cfr.
353 2538 507 2577 Jerem.
534 2538 627 2588 XV,
657 2539 721 2582 10.
840 2541 884 2598 ²)
916 2541 1002 2584 Cfr.
1032 2542 1188 2583 Jerem.
1218 2543 1312 2595 XV,
1343 2544 1405 2588 10.

159 2610 202 2664 3)
234 2608 320 2649 Cfr.
352 2606 500 2648 Matth.
535 2607 610 2657 XI,
642 2608 706 2650 19.
739 2611 836 2653 coll.
866 2612 966 2652 Luc.
998 2612 1094 2662 VII,
1126 2611 1193 2655 35.

162 2678 205 2733 ⁴)
235 2677 342 2718 Edd.
374 2676 426 2716 H.
457 2673 556 2729 ,,ὃ’τι
585 2680 850 2727 τοσοῦτον.“
969 2683 1010 2737 ⁵)
1040 2681 1196 2724 Jerem.
1227 2683 1320 2733 XV,
1352 2684 1415 2727 10.

163 2748 207 2803 ⁶)
237 2749 392 2787 Jerem.
422 2746 516 2796 XV,
549 2745 612 2789 10.
734 2750 776 2805 ⁷)
804 2751 958 2792 Jerem.
988 2752 1083 2801 XV,
1115 2750 1180 2793 10.

161 2817 203 2872 Β)
233 2817 341 2859 Edd.
374 2816 430 2857 H.
461 2819 760 2874 „sl‘pfiossatf'
875 2820 918 2877 ⁹)
949 2820 1034 2863 Cfr.
1065 2820 1220 2862 Jerem.
1252 2821 1285 2871 Ῑ,
1321 2821 1382 2865 10.
