1763 3112
681 93 876 135 HommA
906 94 991 134 XII
996 124 1004 133 .
1470 92 1554 139 237

142 204 165 261 ἢ
196 205 219 251 ὁ
253 201 450 262 ἁδελφὸς
479 206 556 246 τοῦ
589 202 810 262 ἀδελφοῦ.
891 201 1112 247 Τοιοῦτόν
1151 221 1191 247 τι
1230 203 1325 250 νόει
1364 209 1440 249 καὶ
1475 208 1553 251 ἐπὶ

139 287 228 326 τῶν
262 282 446 326 ἀδίκων.
515 278 792 340 Πικρότερόν
829 297 948 330 τινος
984 278 1241 336 γεύσασθαί
1276 296 1326 326 σε
1368 285 1441 327 δεῖ
1472 284 1552 329 τὸν

137 356 409 416 ἁμαρτωλὸν
448 355 888 417 διοικονομούμενον
925 355 1014 400 υπὸ
1045 360 1124 401 τοῦ
1153 361 1290 413 θεοῦ,
1330 362 1407 403 ἵνα
1437 379 1549 404 παι-

138 439 313 484 δευθεὶς
340 436 504 494 σωθῇς.
562 431 737 492 (Ὠσπερ
777 434 830 477 δὲ
870 433 973 490 οὐχὶ
1011 440 1254 489 βασανίσαι
1278 434 1438 486 α’πλῶς
1465 441 1549 482 θέ-

139 517 228 556 λων
261 510 339 554 τὸν
369 510 674 569 κολαζόμενον
703 509 793 555 ὑπὸ
825 515 907 555 σοῦ
941 515 1117 566 οἰκέτην
1147 510 1174 566 ἢ
1206 511 1307 557 υἱὸν
1337 513 1547 570 κολάζεις,

136 590 226 632 ἀλλ’
265 592 342 631 ἴνα
382 593 475 636 τοῖς
511 585 670 637 πόνοις
707 587 848 632 αὐτὸν
883 589 1179 649 ἐπιστρέψης·
1224 587 1365 639 οὕτως
1408 593 1486 633 καὶ
1523 589 1546 634 ὁ

134 665 239 715 θεὸς
266 663 368 714 τοὺς
389 662 451 719 μὴ
470 666 823 724 ἐπιστρέφοντας
848 667 909 721 τῷ
939 662 1076 721 λόγῳ,
1108 664 1212 714 τούς
1238 665 1303 723 μὴ
1319 674 1550 726 θεραπευ-

134 749 295 791 θέντας
338 740 595 798 παιδεύσει,
638 748 731 791 τοῖς
772 741 863 785 ἀπὸ
899 741 1187 799 μαθημάτων
1222 743 1404 799 πόνοις,
1450 746 1550 790 ἐπεὶ

134 823 317 865 παιδεία
355 817 612 877 περιβάλλει
653 816 681 861 ἃ
724 817 1003 877 περιβάλλει,
1048 819 1162 863 κατὰ
1196 819 1245 864 τὸ
1284 824 1549 879 εἰρημένον·

133 897 242 953 ,,διὰ
280 896 450 946 παντὸς
486 895 615 952 πόνῳ
660 900 735 939 καὶ
771 893 959 953 μάστιγι
999 895 1287 958 παιδευθήσῃ
1320 897 1550 957 Ἶερουσα--

132 973 274 1031 λήμ.“
322 973 397 1017 ‘'Iv‘
441 967 523 1018 οὖν
553 971 718 1032 αὐξήσῃ
751 972 772 1016 ὁ
806 970 1040 1017 παιδεύων
1068 972 1232 1029 πόνος,
1275 976 1550 1033 διασκορπί-

136 1057 280 1104 ζονται
316 1055 358 1095 οἱ
399 1053 644 1098 πονοῦντες
685 1049 760 1093 ἀπ’
805 1048 1031 1106 ἀλλήλων,
1083 1050 1142 1101 ὡς
1181 1052 1244 1107 μὴ
1291 1048 1407 1096 εἶναι
1453 1051 1550 1110 ἅμα

133 1128 265 1173 τόνδε
296 1132 372 1172 καὶ
402 1126 552 1172 τόνδε.
606 1125 786 1171 Ἐλύετο
819 1125 909 1184 γαρ
940 1125 997 1171 ἂν
1027 1127 1076 1172 τὸ
1109 1128 1319 1187 σφοδρὸν
1348 1135 1427 1174 τοῦ
1460 1128 1550 1175 πό-

135 1224 217 1251 νου
247 1204 323 1250 διὰ
355 1208 428 1259 τῆς
469 1209 769 1263 παραμυθίας
806 1202 905 1252 ἑνὸς
944 1201 1135 1248 ἑκάστου
1178 1204 1292 1265 πρὸς
1331 1206 1412 1262 τὴν
1455 1206 1548 1252 ἀπὸ

132 1287 211 1329 τοῦ
241 1285 408 1340 ἑτέρου.

245 1362 282 1403 4.
319 1365 375 1403 Εἰ
414 1360 463 1402 δὲ
505 1360 578 1402 δεῖ
610 1363 881 1415 προσθεῖναι
919 1361 981 1414 τῷ
1020 1357 1142 1416 λόγῳ
1179 1362 1256 1403 καὶ
1293 1356 1434 1415 ἄλλην
1471 1364 1547 1404 αἰ-

132 1444 234 1482 τίαν
274 1440 353 1480 τοῦ
404 1437 828 1492 διασκορπίζεσθαι,
884 1439 962 1478 καὶ
1018 1439 1148 1480 τοῦτο
1199 1435 1545 1494 παραθήσομαι.

131 1517 279 1558 Κακοὶ
309 1510 520 1562 συνόντες
549 1510 754 1566 ἀλλήλοις
784 1510 836 1555 τά
867 1511 985 1555 κακὰ
1018 1516 1242 1558 σκοποῦσι
1272 1517 1347 1557 καὶ
1378 1510 1548 1564 αὔξου-

133 1606 228 1635 σιν·
276 1589 427 1648 ὥσπερ
471 1592 514 1632 οἱ
551 1590 723 1646 ἀγαθοὶ
753 1587 964 1639 συνόντες
994 1590 1189 1647 ἀγαθοῖς
1217 1593 1323 1646 περὶ
1354 1591 1549 1648 ἀγαθῶν

131 1673 415 1722 σκέπτονται,
450 1668 527 1709 καὶ
556 1669 893 1723 καταλέγονται.
964 1671 1059 1710 Καὶ
1099 1670 1338 1725 διαιρεῖται
1375 1667 1401 1723 ἡ
1433 1669 1547 1725 κακὴ

131 1744 270 1801 βουλὴ
299 1741 524 1801 ἰσχύσασα
555 1739 642 1786 κᾶν
669 1743 782 1802 μετὰ
811 1745 958 1801 τῶνῑ)
993 1742 1187 1802 ὁμοίων,
1221 1743 1294 1790 ὅτε
1326 1747 1548 1802 διασκορ-

130 1826 335 1873 πίζονται
372 1819 579 1874 ἀλλήλων
619 1823 661 1863 οἱ
697 1826 941 1879 μοχθηροί.
1008 1820 1099 1864 Διά
1139 1825 1269 1866 τοῦτο
1314 1826 1552 1880 οἰκονομεῖ

132 1898 155 1943 ὁ
187 1898 305 1954 θεὸς,
337 1897 400 1953 μὴ
430 1895 546 1942 εἶναι
573 1896 666 1954 μετ’
701 1895 907 1952 ἀλλήλων
934 1896 1037 1948 τούς
1066 1897 1292 1956 φαύλους·
1326 1898 1441 1956 τάχα
1469 1904 1546 1944 καὶ

129 1976 277 2019 αὐτῶν
313 1977 550 2035 προνοῶν,
599 1977 675 2018 ἵνα
712 1974 776 2031 μὴ
822 1973 1078 2036 συναυξήσῃ
1124 1977 1274 2020 αὐτῶν
1319 1974 1345 2031 ἠ
1391 1980 1545 2032 κακία,

129 2050 242 2095 ἀλλὰ
273 2054 448 2111 μειωθῇ
480 2052 789 2109 διαλελυμένη.
849 2056 1001 2096 Ταῦτα
1032 2052 1109 2097 διὰ
1139 2051 1213 2098 τό·
1245 2056 1481 2112 ,,σκορπιῶ
1501 2054 1545 2110 ²)

131 2128 306 2183 αὐτοὺς,
340 2124 487 2187 ἄνδρα
516 2131 593 2180 καὶ
623 2127 703 2174 τὸν
732 2129 940 2189 ἀδελφὸν
969 2130 1128 2189 αὐτοῦ,
1160 2133 1238 2174 καὶ
1266 2129 1370 2180 τούς
1400 2134 1543 2175 πατέ-

131 2221 210 2262 ρας
240 2204 412 2261 αύτῶν,
454 2209 531 2249 καὶ
568 2204 670 2257 τοὺς
710 2205 837 2256 υἱοὺς
878 2207 1029 2252 αὐτῶν
1059 2209 1136 2252 ἐπὶ
1166 2207 1215 2252 τὸ
1247 2206 1377 2263 αὐτὸ,
1422 2211 1544 2266 λέγει

131 2281 304 2340 κύριος·
347 2282 429 2326 οὐκ
459 2281 754 2340 ἑπιποθήσω,
787 2287 865 2328 καὶ
896 2284 948 2328 οὐ
981 2290 1216 2343 φείσομαι,
1249 2287 1327 2328 καὶ
1357 2283 1440 2328 οὐκ
1471 2287 1543 2329 οἰ-

128 2356 342 2415 κτειρήσω
372 2358 463 2403 ἀπὸ
493 2361 755 2422 διαφθορᾶς
788 2362 990 2407 αὐτῶν.“

240 2435 280 2477 5.
316 2439 420 2484 Τοῖς
456 2434 673 2487 τοιούτοις
709 2440 857 2496 ῥητοῖς
894 2440 1209 2495 ἐπιβαίνουσιν
1248 2441 1290 2483 οἱ
1331 2437 1421 2484 ἀπὸ
1453 2440 1544 2483 τῶν

128 2514 357 2569 αἱρέσεων,
387 2514 607 2568 λέγοντες·
641 2513 749 2574 ὁρᾷς
777 2517 857 2562 τὸν
881 2516 1180 2578 δημιουργὸν,
1216 2511 1309 2566 οἷός
1325 2517 1432 2572 ἐστι,
1464 2519 1541 2559 καὶ

126 2587 206 2633 τὸν
241 2592 332 2632 τῶν
363 2593 616 2647 προφητῶν
644 2591 779 2650 θεὸν,
825 2591 870 2643 ὅς
910 2608 1074 2652 φησιν·
1109 2593 1257 2652 ,,οὐ3)
1303 2599 1538 2652 φείσομαι,

245 2755 283 2811 ¹)
314 2755 447 2796 Deest
476 2760 633 2811 „ubst
663 2759 705 2800 in
737 2761 802 2802 ed.
832 2761 881 2802 R.

238 2826 280 2879 2)
314 2825 398 2866 Cfr.
428 2825 582 2868 Jerem.
612 2829 734 2879 XIII,
768 2830 830 2873 14.
951 2832 993 2886 ³)
1022 2832 1177 2874 Jerem.
1207 2831 1328 2880 XIII,
1360 2830 1426 2875 14.
