1734 3112
0 2166 2 2170 ’
59 2171 231 2232 κύριε.“
305 2176 386 2215 Τί·
426 2170 726 2230 ,,γένοιτο’0)
766 2167 920 2230 κύριε,-

616 116 816 159 Humum
839 116 913 159 IX.
1397 119 1480 164 209

52 232 253 291 ,,ἐγώ“),
286 231 413 290 φησὶ,
446 228 555 279 θεὸς
572 228 792 290 Ἀβραὰμ,
824 226 1113 283 θεὸςἸσαᾶκ,
1146 225 1480 286 θεὸςἸακώβ.“

51 314 145 355 Καὶ
190 307 489 366 διηγούμενος
535 306 586 351 τό
639 309 847 351 τοιοῦτον
888 304 910 350 6
952 304 1100 365 σωτήρ
1140 319 1306 363 φησιν·
1353 306 1478 364 „6²)

52 385 158 436 θεὸς
188 384 268 429 οὐκ
300 385 391 428 ἔστι
423 387 620 443 νεκρῶν,
669 381 783 428 ἀλλὰ
825 380 1054 434 ζώντων.“
1119 388 1198 433 Τίς
1237 381 1260 427 6
1300 382 1481 440 νεκρός,·

48 462 97 508 Ὁ
130 460 416 519 ἁμαρτωλός,
474 460 496 506 6
539 462 603 520 μὴ
635 462 752 519 ἔχων
782 459 862 505 τὸν
901 457 1110 505 εἰπόντα·
1154 458 1279 518 ,,ἒγώ
1298 461 1343 517 ³)
1389 464 1480 517 εἰμι

49 540 75 596 ἦ
109 537 265 596 ζωή·“
299 537 321 583 6
355 540 474 596 ἔχων
504 537 641 597 νεκρὰ
673 539 810 595 ἔργα,
854 539 1044 595 μηδέπω
1075 536 1357 594 μετανοήσας
1389 536 1481 582 ἀπὸ

50 620 141 662 τῶν
171 620 344 677 νεκρῶν
375 618 537 677 ἔργων,
570 618 675 673 περὶ
706 606 771 659 ῶν
801 629 944 674 φησιν
974 612 1288 665 ὁάπόστολος·
1322 613 1420 673 ,,μὴ
1438 614 1481 672 ⁴)

48 692 192 740 πάλιν
221 697 438 752 θεμέλιον
479 690 867 750 καταβαλλόμενοι
903 698 1148 750 μετανοίας
1185 692 1276 738 ἀπὸ
1309 694 1482 753 νεκρῶν

49 772 249 830 ἔργων.“
306 773 367 815 Εἰ
395 775 553 816 τοίνυν
585 768 607 815 6
639 770 745 820 θεὸς
776 769 856 814 οὐκ
887 770 979 815 ἔστι
1010 771 1182 828 νεκρῶν
1212 767 1336 823 θεὸς,
1367 767 1482 813 ἀλλὰ

55 848 250 908 ζώντων,
282 851 360 893 καὶ
393 848 609 904 οἴδαμεν,
641 851 705 897 τίς
736 847 857 891 ἐστιν
889 846 911 892 6
945 850 1054 903 ζῶν,
1089 846 1156 892 ὅτι
1188 845 1210 890 6
1240 845 1482 892 πολιτευό-

52 943 188 986 μενος
218 925 331 971 κατὰ
364 925 588 985 Χριστὸν,
622 928 698 969 καὶ
726 928 884 983 με’νων
911 925 1004 981 μετ’
1040 925 1203 970 αὐτοῦ·
1247 928 1285 970 εἰ
1313 923 1483 981 βουλό-

49 1011 197 1065 μεθα,
245 1006 320 1048 ἵνα
363 1002 497 1060 ἡμῶν
537 994 561 1064 ᾗ
596 1000 617 1046 ὁ
649 1002 775 1057 θεὸς,
820 1000 1159 1061 ἀποταξώμεθα
1201 1008 1296 1052 τοῖς
1332 1004 1482 1061 ἔργοις

51 1085 127 1139 τῆς
157 1080 434 1143 νεκρότητος,
468 1083 545 1124 ἵνα
573 1077 654 1135 τὴν
684 1080 967 1138 ἐπαγγελίαν
993 1081 1130 1124 αὐτοῦ
1154 1078 1370 1141 πληρώσῃ
1401 1079 1482 1135 τὴν

51 1163 298 1218 λέγουσαν
329 1160 440 1215 ,,καὶ
456 1159 499 1215 5)
522 1157 610 1215 ἐγώ
633 1158 797 1215 ἔσομαι
816 1156 928 1216 ὑμῖν
950 1161 1012 1208 εἰς
1030 1156 1156 1214 θεὸν,
1192 1156 1314 1208 ὅπως
1331 1155 1481 1213 στήσω

50 1237 132 1284 ’τὸν
177 1236 314 1295 ὅρκον
353 1253 468 1293 μου,
524 1232 578 1279 ὃν
618 1231 778 1293 ὤμοσα
815 1242 907 1286 τοῖς
945 1234 1174 1294 πατράσιν
1203 1235 1356 1296 ὑμῶν,
1403 1239 1482 1280 τοῦ

53 1318 219 1363 δοῦναι
248 1315 398 1363 αὐτοῖς
428 1318 519 1371 γῆν
548 1316 746 1373 ῥεόυσαν
775 1312 897 1371 γάλα
921 1317 998 1358 καὶ
1012 1315 1170 1371 με’λι.“
1219 1313 1353 1374 Τήρει
1373 1312 1478 1371 γὰρ,

56 1393 125 1440 ὅτι
154 1398 293 1452 λέγει·
327 1389 510 1449 „osvio-w
529 1391 571 1447 6)
601 1390 682 1435 τόν
714 1389 854 1450 ὅρκον
881 1409 987 1448 μου,
1023 1389 1076 1437 ὃν
1097 1388 1257 1450 ὤμοσα
1273 1397 1366 1440 τοῖς
1386 1408 1482 1435 πα-

53 1471 218 1532 τράσιν
247 1470 392 1529 ὑμῶν,
427 1471 506 1513 τοῦ
539 1470 701 1514 δοῦναι.
732 1469 883 1518 αὐτοῖς
913 1472 1002 1527 γῆν
1033 1471 1228 1531 ῥέουσαν
1256 1468 1376 1528 γάλα
1406 1474 1482 1514 καὶ

53 1552 210 1608 μέλα(ί
270 1547 394 1603 Αὕτη
436 1545 525 1605 γὰρ
569 1546 651 1591 οὐκ
694 1547 816 1591 ἔστιν
854 1546 879 1602 ἠ
912 1549 995 1604 γῆ,
1036 1544 1094 1603 ἢν
1124 1548 1423 1605 ἐπηγγείλατο
1458 1545 1480 1591 6

54 1628 161 1678 θεὸς
189 1630 386 1686 ῥέουσαν
415 1623 535 1683 γάλα
564 1627 641 1668 καὶ
669 1628 797 1682 με’λι·
838 1624 930 1667 ἀλλ’
964 1625 1135 1681 ἐκείνη,
1167 1628 1273 1682 περὶ
1302 1616 1354 1679 ἧς
1383 1625 1483 1669 ἐδί-

53 1707 223 1751 δασκεν
262 1703 284 1749 6
323 1700 484 1761 σωτὴρ,
526 1705 697 1760 λέγων·
742 1699 1062 1761 ,,μακιὲριοι7)
1102 1704 1146 1747 οἱ
1184 1707 1366 1762 πραεῖς,
1417 1700 1484 1746 ὅτι

56 1785 187 1829 αὐτοὶ
217 1779 609 1843 κληρονομήσουσι
641 1778 722 1835 τὴν
747 1780 892 1836 γῆν.“

165 1861 203 1905 4.
235 1856 351 1905 Εἶτα
380 1857 494 1915 πρὸς
522 1857 576 1902 τὰ
605 1860 913 1919 προειρημένα
946 1854 1037 1901 ὑπὸ
1068 1859 1150 1902 τοῦ
1181 1863 1342 1915 κυρίου
1361 1857 1482 1903 ἀπο-

57 1943 255 2000 κρίνεται
286 1936 309 1983 6
340 1933 591 1996 προφήτης,
624 1934 739 1994 πρὸς
767 1932 844 1979 τό·
875 1934 1241 1993 ,,ἒπικατι·ὶρατος
1254 1937 1297 1993 8)
1338 1935 1361 1981 6
1394 1932 1482 1981 ι’ἱν-

58 2023 257 2076 θρωπος,
290 2011 339 2065 ὃς
369 2014 451 2060 οὐκ
482 2012 724 2060 ἀκούσεται
751 2015 842 2057 τῶν
858 2010 1011 2071 λόγων
1026 2015 1102 2068 τῆς
1124 2012 1345 2070 διαθήκης
1366 2012 1482 2059 ταύ-

58 2095 202 2151 της·“
233 2097 313 2146 καί
340 2105 478 2152 φησι·
521 2091 690 2149 ,,καὶ9)
724 2090 993 2152 ἀπεκρίθην,
1026 2095 1104 2135 καὶ
1133 2088 1263 2137 εἶπα·
1302 2096 1480 2151 γένοιτο

935 2171 964 2193 “
1012 2167 1478 2230 Ἐπικατάρατοςη),

62 2247 110 2301 ὃς
127 2250 207 2295 οὐκ
224 2250 410 2309 ἐμμένει
431 2252 523 2299 τοῖς
548 2245 700 2307 λόγοις
716 2250 793 2303 τῆς
808 2245 1030 2304 διαθήκης
1050 2246 1225 2304 ταύτης.
1269 2249 1480 2307 „Ka2¹²)

62 2324 161 2375 εἶπε
192 2325 342 2386 κύριος
371 2325 485 2385 πρὸς
513 2329 600 2384 με’·
635 2324 874 2384 ἀνάγνωθι
902 2323 1006 2375 τοὺς
1035 2323 1198 2384 λόγους
1218 2325 1402 2377 τούτους
1432 2327 1482 2371 ἐν

184 2511 226 2568 ι)
257 2508 344 2551 Cfr.
374 2506 512 2550 Exod.
542 2509 622 2559 ΙΙΙ,
651 2508 691 2552 6.
810 2507 853 2564 ²)
882 2507 982 2550 Luc.
1011 2507 1110 2559 XX,
1141 2507 1208 2552 38.

179 2581 224 2639 3)
253 2580 334 2622 Ev.
365 2579 518 2623 Joann.
546 2578 624 2628 XI,
653 2576 724 2621 25.
843 2577 886 2632 ⁴)
919 2577 1049 2619 Hebr.
1079 2578 1154 2629 VI,
1186 2578 1224 2622 1.

181 2650 226 2708 ⁵)
255 2651 410 2692 Jerem.
441 2647 520 2698 XI,
548 2646 588 2690 4.
618 2647 660 2691 5.
775 2647 818 2704 ⁶)
847 2648 1004 2690 Jerem.
1035 2648 1113 2700 XI,
1143 2648 1183 2692 5.

181 2721 224 2778 ⁷)
254 2720 405 2762 Matth.
434 2718 486 2768 V,
517 2717 556 2760 5.
674 2715 718 2772 8)
748 2717 904 2759 Jerem.
933 2718 1011 2769 XI,
1042 2718 1081 2763 3.

180 2792 224 2848 ⁹)
255 2791 412 2832 Jerem.
442 2787 519 2837 XI,
550 2786 591 2829 5.
712 2786 966 2843 ¹⁰)7Jerem.
995 2788 1074 2839 XI,
1103 2789 1143 2831 5.

155 2861 224 2918 ¹¹)
255 2860 342 2903 Cfr.
372 2859 529 2901 Jerem.
557 2856 635 2907 XI,
665 2854 706 2900 3.
829 2856 896 2914 ¹²)
925 2858 1080 2901 Jerem.
1110 2858 1189 2909 XI,
1217 2857 1257 2901 6.

71 2935 290 2981 Omessms
313 2936 486 2980 OPERA.
529 2934 651 2977 Tom.
665 2933 760 2975 XV.
1125 2934 1179 2978 14
